@FOOTNOTE{Note1,key="Note1",note="参见补充材料，其中包含参考文献\cite {Maslov2024,Maslov_Thesis,Lax1975,Bliokh2015,Bliokh2023}"}
@CONTROL{REVTEX42Control}
@CONTROL{apsrev42Control,author="08",editor="1",pages="0",title="0",year="1"}
