@article{Su2024,
author = {Lin Su and Alexander Douglas and Michal Szurek and Anne H. Hebert and Aaron Krahn and Robin Groth and Gregory A. Phelps and Ognjen Markovic and Markus Greiner},
title = {Fast single atom imaging for optical lattice arrays},
journal = {Nat Commun},
volume = {16},
pages = {1017},
year = {2025},
doi = {10.1038/s41467-025-56305-y},
URL = {https://doi.org/10.1038/s41467-025-56305-y}}

@misc{intrinsicACSPT,
  title = {Intrinsic Axion Statistical Topological Insulator},
  author = {Chen, Xi and Wang, Fa-Jie and Bi, Zhen and Song, Zhi-Da},
  journal = {Phys. Rev. Lett.},
  volume = {134},
  issue = {22},
  pages = {226601},
  numpages = {8},
  year = {2025},
  month = {Jun},
  publisher = {American Physical Society},
  doi = {10.1103/PhysRevLett.134.226601},
  url = {https://link.aps.org/doi/10.1103/PhysRevLett.134.226601}
}


@article{Fidkowski11,
  title = {Topological phases of fermions in one dimension},
  author = {Fidkowski, Lukasz and Kitaev, Alexei},
  journal = {Phys. Rev. B},
  volume = {83},
  issue = {7},
  pages = {075103},
  numpages = {13},
  year = {2011},
  month = {Feb},
  publisher = {American Physical Society},
  doi = {10.1103/PhysRevB.83.075103},
  url = {https://link.aps.org/doi/10.1103/PhysRevB.83.075103}
}

@misc{Ma23_b,
  title = {Topological Phases with Average Symmetries: The Decohered, the Disordered, and the Intrinsic},
  author = {Ma, Ruochen and Zhang, Jian-Hao and Bi, Zhen and Cheng, Meng and Wang, Chong},
  journal = {Phys. Rev. X},
  volume = {15},
  issue = {2},
  pages = {021062},
  numpages = {33},
  year = {2025},
  month = {May},
  publisher = {American Physical Society},
  doi = {10.1103/PhysRevX.15.021062},
  url = {https://link.aps.org/doi/10.1103/PhysRevX.15.021062}
}



@article{Turner11,
  title = {Topological phases of one-dimensional fermions: An entanglement point of view},
  author = {Turner, Ari M. and Pollmann, Frank and Berg, Erez},
  journal = {Phys. Rev. B},
  volume = {83},
  issue = {7},
  pages = {075102},
  numpages = {11},
  year = {2011},
  month = {Feb},
  publisher = {American Physical Society},
  doi = {10.1103/PhysRevB.83.075102},
  url = {https://link.aps.org/doi/10.1103/PhysRevB.83.075102}
}


@article{itensor,
	title={{The ITensor Software Library for Tensor Network Calculations}},
	author={Matthew Fishman and Steven R. White and E. Miles Stoudenmire},
	journal={SciPost Phys. Codebases},
	pages={4},
	year={2022},
	publisher={SciPost},
	doi={10.21468/SciPostPhysCodeb.4},
	url={https://scipost.org/10.21468/SciPostPhysCodeb.4}
}

@misc{Kampen1992,
  author = {N. G. van Kampen},
  title = {Stochastic Processes in Physics and Chemistry},
  howpublished = {Elsevier, Amsterdam},
  year = {1992}
}

@article{Seif2022,
  title = {Distinguishing between Quantum and Classical Markovian Dephasing Dissipation},
  author = {Seif, Alireza and Wang, Yu-Xin and Clerk, Aashish A.},
  journal = {Phys. Rev. Lett.},
  volume = {128},
  issue = {7},
  pages = {070402},
  numpages = {6},
  year = {2022},
  month = {Feb},
  publisher = {American Physical Society},
  doi = {10.1103/PhysRevLett.128.070402},
  url = {https://link.aps.org/doi/10.1103/PhysRevLett.128.070402}
}

@article{LevinGu,
  title = {Braiding statistics approach to symmetry-protected topological phases},
  author = {Levin, Michael and Gu, Zheng-Cheng},
  journal = {Phys. Rev. B},
  volume = {86},
  issue = {11},
  pages = {115109},
  numpages = {15},
  year = {2012},
  month = {Sep},
  publisher = {American Physical Society},
  doi = {10.1103/PhysRevB.86.115109},
  url = {https://link.aps.org/doi/10.1103/PhysRevB.86.115109}
}

@article{Hilker17,
author = {Timon A. Hilker  and Guillaume Salomon  and Fabian Grusdt  and Ahmed Omran  and Martin Boll  and Eugene Demler  and Immanuel Bloch  and Christian Gross },
title = {Revealing hidden antiferromagnetic correlations in doped Hubbard chains via string correlators},
journal = {Science},
volume = {357},
number = {6350},
pages = {484-487},
year = {2017},
doi = {10.1126/science.aam8990},
URL = {https://www.science.org/doi/abs/10.1126/science.aam8990},
eprint = {https://www.science.org/doi/pdf/10.1126/science.aam8990},
}

@article{Wei23,
  title = {Observation of Brane Parity Order in Programmable Optical Lattices},
  author = {Wei, David and Adler, Daniel and Srakaew, Kritsana and Agrawal, Suchita and Weckesser, Pascal and Bloch, Immanuel and Zeiher, Johannes},
  journal = {Phys. Rev. X},
  volume = {13},
  issue = {2},
  pages = {021042},
  numpages = {10},
  year = {2023},
  month = {Jun},
  publisher = {American Physical Society},
  doi = {10.1103/PhysRevX.13.021042},
  url = {https://link.aps.org/doi/10.1103/PhysRevX.13.021042}
}



@article{Song17,
  title = {Topological Phases Protected by Point Group Symmetry},
  author = {Song, Hao and Huang, Sheng-Jie and Fu, Liang and Hermele, Michael},
  journal = {Phys. Rev. X},
  volume = {7},
  issue = {1},
  pages = {011020},
  numpages = {23},
  year = {2017},
  month = {Feb},
  publisher = {American Physical Society},
  doi = {10.1103/PhysRevX.7.011020},
  url = {https://link.aps.org/doi/10.1103/PhysRevX.7.011020}
}


@article{Fu11,
  title = {Topological Crystalline Insulators},
  author = {Fu, Liang},
  journal = {Phys. Rev. Lett.},
  volume = {106},
  issue = {10},
  pages = {106802},
  numpages = {4},
  year = {2011},
  month = {Mar},
  publisher = {American Physical Society},
  doi = {10.1103/PhysRevLett.106.106802},
  url = {https://link.aps.org/doi/10.1103/PhysRevLett.106.106802}
}


@article{Hughes11,
  title = {Inversion-symmetric topological insulators},
  author = {Hughes, Taylor L. and Prodan, Emil and Bernevig, B. Andrei},
  journal = {Phys. Rev. B},
  volume = {83},
  issue = {24},
  pages = {245132},
  numpages = {39},
  year = {2011},
  month = {Jun},
  publisher = {American Physical Society},
  doi = {10.1103/PhysRevB.83.245132},
  url = {https://link.aps.org/doi/10.1103/PhysRevB.83.245132}
}


@article{Turner10inversion,
  title = {Entanglement and inversion symmetry in topological insulators},
  author = {Turner, Ari M. and Zhang, Yi and Vishwanath, Ashvin},
  journal = {Phys. Rev. B},
  volume = {82},
  issue = {24},
  pages = {241102},
  numpages = {4},
  year = {2010},
  month = {Dec},
  publisher = {American Physical Society},
  doi = {10.1103/PhysRevB.82.241102},
  url = {https://link.aps.org/doi/10.1103/PhysRevB.82.241102}
}


@article{Mong12,
  title = {Quantum Transport and Two-Parameter Scaling at the Surface of a Weak Topological Insulator},
  author = {Mong, Roger S. K. and Bardarson, Jens H. and Moore, Joel E.},
  journal = {Phys. Rev. Lett.},
  volume = {108},
  issue = {7},
  pages = {076804},
  numpages = {5},
  year = {2012},
  month = {Feb},
  publisher = {American Physical Society},
  doi = {10.1103/PhysRevLett.108.076804},
  url = {https://link.aps.org/doi/10.1103/PhysRevLett.108.076804}
}


@article{Ringel12,
  title = {Strong side of weak topological insulators},
  author = {Ringel, Zohar and Kraus, Yaacov E. and Stern, Ady},
  journal = {Phys. Rev. B},
  volume = {86},
  issue = {4},
  pages = {045102},
  numpages = {11},
  year = {2012},
  month = {Jul},
  publisher = {American Physical Society},
  doi = {10.1103/PhysRevB.86.045102},
  url = {https://link.aps.org/doi/10.1103/PhysRevB.86.045102}
}


@article{Fulga14,
  title = {Statistical topological insulators},
  author = {Fulga, I. C. and van Heck, B. and Edge, J. M. and Akhmerov, A. R.},
  journal = {Phys. Rev. B},
  volume = {89},
  issue = {15},
  pages = {155424},
  numpages = {6},
  year = {2014},
  month = {Apr},
  publisher = {American Physical Society},
  doi = {10.1103/PhysRevB.89.155424},
  url = {https://link.aps.org/doi/10.1103/PhysRevB.89.155424}
}



@article{
Su2023,
author = {Lin Su and Alexander Douglas and Michal Szurek and Robin Groth and S. Furkan Ozturk and Aaron Krahn and Anne H. Hébert and Gregory A. Phelps and Sepehr Ebadi and Susannah Dickerson and Francesca Ferlaino and Ognjen Marković and Markus Greiner },
title = {Dipolar quantum solids emerging in a Hubbard quantum simulator},
journal = {Nature},
volume = {622},
pages = {724-729},
year = {2023},
doi = {10.1038/s41586-023-06614-3},
URL = {https://doi.org/10.1038/s41586-023-06614-3}}


@article{Tran2023,
  title = {Measuring Arbitrary Physical Properties in Analog Quantum Simulation},
  author = {Tran, Minh C. and Mark, Daniel K. and Ho, Wen Wei and Choi, Soonwon},
  journal = {Phys. Rev. X},
  volume = {13},
  issue = {1},
  pages = {011049},
  numpages = {35},
  year = {2023},
  month = {Mar},
  publisher = {American Physical Society},
  doi = {10.1103/PhysRevX.13.011049},
  url = {https://link.aps.org/doi/10.1103/PhysRevX.13.011049}
}

@article{Torre2006,
  title = {Hidden Order in 1D Bose Insulators},
  author = {Dalla Torre, Emanuele G. and Berg, Erez and Altman, Ehud},
  journal = {Phys. Rev. Lett.},
  volume = {97},
  issue = {26},
  pages = {260401},
  numpages = {4},
  year = {2006},
  month = {Dec},
  publisher = {American Physical Society},
  doi = {10.1103/PhysRevLett.97.260401},
  url = {https://link.aps.org/doi/10.1103/PhysRevLett.97.260401}
}


@article{Berg2008,
  title = {Rise and fall of hidden string order of lattice bosons},
  author = {Berg, Erez and Dalla Torre, Emanuele G. and Giamarchi, Thierry and Altman, Ehud},
  journal = {Phys. Rev. B},
  volume = {77},
  issue = {24},
  pages = {245119},
  numpages = {14},
  year = {2008},
  month = {Jun},
  publisher = {American Physical Society},
  doi = {10.1103/PhysRevB.77.245119},
  url = {https://link.aps.org/doi/10.1103/PhysRevB.77.245119}
}

@article{Sompet2022,
author = {Pimonpan Sompet and Sarah Hirthe and Dominik Bourgund and Thomas Chalopin and Julian Bibo and Joannis Koepsell and Petar Bojović and Ruben Verresen and Frank Pollmann and Guillaume Salomon and Christian Gross and Timon A. Hilker and Immanuel Bloch },
title = {Realizing the symmetry-protected Haldane phase in Fermi–Hubbard ladders},
journal = {Nature},
volume = {606},
pages = {484-488},
year = {2022},
doi = {10.1038/s41586-022-04688-z},
URL = {https://doi.org/10.1038/s41586-022-04688-z}}


@article{Haldane1983,
  title = {Nonlinear Field Theory of Large-Spin Heisenberg Antiferromagnets: Semiclassically Quantized Solitons of the One-Dimensional Easy-Axis N\'eel State},
  author = {Haldane, F. D. M.},
  journal = {Phys. Rev. Lett.},
  volume = {50},
  issue = {15},
  pages = {1153--1156},
  numpages = {0},
  year = {1983},
  month = {Apr},
  publisher = {American Physical Society},
  doi = {10.1103/PhysRevLett.50.1153},
  url = {https://link.aps.org/doi/10.1103/PhysRevLett.50.1153}
}

@article{Patscheider2022,
  title = {Determination of the scattering length of erbium atoms},
  author = {Patscheider, A. and Chomaz, L. and Natale, G. and Petter, D. and Mark, M. J. and Baier, S. and Yang, B. and Wang, R. R. W. and Bohn, J. L. and Ferlaino, F.},
  journal = {Phys. Rev. A},
  volume = {105},
  issue = {6},
  pages = {063307},
  numpages = {12},
  year = {2022},
  month = {Jun},
  publisher = {American Physical Society},
  doi = {10.1103/PhysRevA.105.063307},
  url = {https://link.aps.org/doi/10.1103/PhysRevA.105.063307}
}

@article{Chomaz2016,
  title = {Quantum-Fluctuation-Driven Crossover from a Dilute Bose-Einstein Condensate to a Macrodroplet in a Dipolar Quantum Fluid},
  author = {Chomaz, L. and Baier, S. and Petter, D. and Mark, M. J. and W\"achtler, F. and Santos, L. and Ferlaino, F.},
  journal = {Phys. Rev. X},
  volume = {6},
  issue = {4},
  pages = {041039},
  numpages = {10},
  year = {2016},
  month = {Nov},
  publisher = {American Physical Society},
  doi = {10.1103/PhysRevX.6.041039},
  url = {https://link.aps.org/doi/10.1103/PhysRevX.6.041039}
}

@article{Baier2016,
author = {S. Baier  and M. J. Mark  and D. Petter  and K. Aikawa  and L. Chomaz  and Z. Cai  and M. Baranov  and P. Zoller  and F. Ferlaino },
title = {Extended Bose-Hubbard models with ultracold magnetic atoms},
journal = {Science},
volume = {352},
number = {6282},
pages = {201-205},
year = {2016},
doi = {10.1126/science.aac9812},
URL = {https://www.science.org/doi/abs/10.1126/science.aac9812}}

@article{Wall2013,
  title = {Dipole–dipole interactions in optical lattices do not follow an inverse cube power law},
  author = {M L Wall and L D Carr},
  journal = {New Journal of Physics},
  volume = {15},
  pages = {123005},
  year = {2013},
  doi = {10.1088/1367-2630/15/12/123005},
  url = {https://link.aps.org/doi/10.1088/1367-2630/15/12/123005}
}

@article{Fuji2015,
  title = {Distinct Trivial Phases Protected by a Point-Group Symmetry in Quantum Spin Chains},
  author = {Fuji, Yohei and Pollmann, Frank and Oshikawa, Masaki},
  journal = {Phys. Rev. Lett.},
  volume = {114},
  issue = {17},
  pages = {177204},
  numpages = {5},
  year = {2015},
  month = {May},
  publisher = {American Physical Society},
  doi = {10.1103/PhysRevLett.114.177204},
  url = {https://link.aps.org/doi/10.1103/PhysRevLett.114.177204}
}










@article{
Sylvain2019,
author = {Sylvain de Léséleuc  and Vincent Lienhard  and Pascal Scholl  and Daniel Barredo  and Sebastian Weber  and Nicolai Lang  and Hans Peter Büchler  and Thierry Lahaye  and Antoine Browaeys },
title = {Observation of a symmetry-protected topological phase of interacting bosons with Rydberg atoms},
journal = {Science},
volume = {365},
number = {6455},
pages = {775-780},
year = {2019},
doi = {10.1126/science.aav9105},
URL = {https://www.science.org/doi/abs/10.1126/science.aav9105}}


@article{Ma2023,
  title = {Average Symmetry-Protected Topological Phases},
  author = {Ma, Ruochen and Wang, Chong},
  journal = {Phys. Rev. X},
  volume = {13},
  issue = {3},
  pages = {031016},
  numpages = {24},
  year = {2023},
  month = {Aug},
  publisher = {American Physical Society},
  doi = {10.1103/PhysRevX.13.031016},
  url = {https://link.aps.org/doi/10.1103/PhysRevX.13.031016}
}


@article{Deng2013,
doi = {10.1088/1367-2630/15/4/045023},
url = {https://dx.doi.org/10.1088/1367-2630/15/4/045023},
year = {2013},
month = {apr},
publisher = {IOP Publishing},
volume = {15},
number = {4},
pages = {045023},
author = {Deng, Xiaolong and Citro, Roberta and Orignac, Edmond and Minguzzi, Anna and Santos, Luis},
title = {Bosonization and entanglement spectrum for one-dimensional polar bosons on disordered lattices},
journal = {New Journal of Physics},
abstract = {Ultra cold polar bosons in a disordered lattice potential, described by the extended Bose–Hubbard model, display a rich phase diagram. In the case of uniform random disorder one finds two insulating quantum phases—the Mott-insulator and the Haldane insulator—in addition to a superfluid and a Bose glass phase. In the case of a quasiperiodic potential, further phases are found, e.g. the incommensurate density wave, adiabatically connected to the Haldane insulator. For the case of weak random disorder we determine the phase boundaries using a perturbative bosonization approach. We then calculate the entanglement spectrum for both types of disorder, showing that it provides a good indication of the various phases.}
}


@article{Smith2022,
  title = {Crossing a topological phase transition with a quantum computer},
  author = {Smith, Adam and Jobst, Bernhard and Green, Andrew G. and Pollmann, Frank},
  journal = {Phys. Rev. Res.},
  volume = {4},
  issue = {2},
  pages = {L022020},
  numpages = {8},
  year = {2022},
  month = {Apr},
  publisher = {American Physical Society},
  doi = {10.1103/PhysRevResearch.4.L022020},
  url = {https://link.aps.org/doi/10.1103/PhysRevResearch.4.L022020}
}











@article{Deng2011,
  title = {Entanglement spectrum of one-dimensional extended Bose-Hubbard models},
  author = {Deng, Xiaolong and Santos, Luis},
  journal = {Phys. Rev. B},
  volume = {84},
  issue = {8},
  pages = {085138},
  numpages = {5},
  year = {2011},
  month = {Aug},
  publisher = {American Physical Society},
  doi = {10.1103/PhysRevB.84.085138},
  url = {https://link.aps.org/doi/10.1103/PhysRevB.84.085138}
}



@article{Cai2019,
  title = {Observation of Topological Magnon Insulator States in a Superconducting Circuit},
  author = {Cai, W. and Han, J. and Mei, Feng and Xu, Y. and Ma, Y. and Li, X. and Wang, H. and Song, Y. P. and Xue, Zheng-Yuan and Yin, Zhang-qi and Jia, Suotang and Sun, Luyan},
  journal = {Phys. Rev. Lett.},
  volume = {123},
  issue = {8},
  pages = {080501},
  numpages = {7},
  year = {2019},
  month = {Aug},
  publisher = {American Physical Society},
  doi = {10.1103/PhysRevLett.123.080501},
  url = {https://link.aps.org/doi/10.1103/PhysRevLett.123.080501}
}


@article{Choo2018,
  title = {Measurement of the Entanglement Spectrum of a Symmetry-Protected Topological State Using the IBM Quantum Computer},
  author = {Choo, Kenny and von Keyserlingk, Curt W. and Regnault, Nicolas and Neupert, Titus},
  journal = {Phys. Rev. Lett.},
  volume = {121},
  issue = {8},
  pages = {086808},
  numpages = {5},
  year = {2018},
  month = {Aug},
  publisher = {American Physical Society},
  doi = {10.1103/PhysRevLett.121.086808},
  url = {https://link.aps.org/doi/10.1103/PhysRevLett.121.086808}
}

@article{Katz2024,
author = {Or Katz and Lei Feng and Diego Porras and Christopher Monroe},
title = {Observing Topological Insulator Phases with a Programmable Quantum Simulator},
journal = {arXiv},
volume = {2401},
pages = {10362},
year = {2024},
doi = {10.48550/arXiv.2401.10362},
URL = {https://doi.org/10.48550/arXiv.2401.10362}}


@article{Nijs1989,
  title = {Preroughening transitions in crystal surfaces and valence-bond phases in quantum spin chains},
  author = {den Nijs, Marcel and Rommelse, Koos},
  journal = {Phys. Rev. B},
  volume = {40},
  issue = {7},
  pages = {4709--4734},
  numpages = {0},
  year = {1989},
  month = {Sep},
  publisher = {American Physical Society},
  doi = {10.1103/PhysRevB.40.4709},
  url = {https://link.aps.org/doi/10.1103/PhysRevB.40.4709}
}

@article{Landau1937,
  title={On the theory of phase transitions},
  author={Landau, Lev Davidovich and others},
  journal={Zh. eksp. teor. Fiz},
  volume={7},
  number={19-32},
  pages={926},
  year={1937},
  url={https://doi.org/10.1016/B978-0-08-010586-4.50034-1}
}

@article{Beekman2019,
	title={{An introduction to spontaneous symmetry breaking}},
	author={Aron J. Beekman and Louk Rademaker and Jasper van Wezel},
	journal={SciPost Phys. Lect. Notes},
	pages={11},
	year={2019},
	publisher={SciPost},
	doi={10.21468/SciPostPhysLectNotes.11},
	url={https://scipost.org/10.21468/SciPostPhysLectNotes.11},
}

@article{Phelps2020,
  title={Sub-second production of a quantum degenerate gas},
  author={Phelps, Gregory A and H{\'e}bert, Anne and Krahn, Aaron and Dickerson, Susannah and {\"O}zt{\"u}rk, Furkan and Ebadi, Sepehr and Su, Lin and Greiner, Markus},
  journal={arXiv preprint arXiv:2007.10807},
  year={2020},
  url={https://doi.org/10.48550/arXiv.2007.10807}
}

@article{Frisch2014,
author = {Albert Frisch and Michael Mark and Kiyotaka Aikawa and Francesca Ferlaino and John L. Bohn and Constantinos Makrides and Alexander Petrov and Svetlana Kotochigova},
title = {Quantum chaos in ultracold collisions of gas-phase erbium atoms},
journal = {Nature},
volume = {507},
pages = {475-479},
year = {2014},
doi = {10.1038/nature13137},
URL = {https://doi.org/10.1038/nature13137}}


@article{Chin2010,
  title = {Feshbach resonances in ultracold gases},
  author = {Chin, Cheng and Grimm, Rudolf and Julienne, Paul and Tiesinga, Eite},
  journal = {Rev. Mod. Phys.},
  volume = {82},
  issue = {2},
  pages = {1225--1286},
  numpages = {0},
  year = {2010},
  month = {Apr},
  publisher = {American Physical Society},
  doi = {10.1103/RevModPhys.82.1225},
  url = {https://link.aps.org/doi/10.1103/RevModPhys.82.1225}
}

@article{Fraxanet2022,
  title = {Topological Quantum Critical Points in the Extended Bose-Hubbard Model},
  author = {Fraxanet, Joana and Gonz\'alez-Cuadra, Daniel and Pfau, Tilman and Lewenstein, Maciej and Langen, Tim and Barbiero, Luca},
  journal = {Phys. Rev. Lett.},
  volume = {128},
  issue = {4},
  pages = {043402},
  numpages = {7},
  year = {2022},
  month = {Jan},
  publisher = {American Physical Society},
  doi = {10.1103/PhysRevLett.128.043402},
  url = {https://link.aps.org/doi/10.1103/PhysRevLett.128.043402}
}

@article{Buyers1986,
  title = {Experimental evidence for the Haldane gap in a spin-1 nearly isotropic, antiferromagnetic chain},
  author = {Buyers, W. J. L and Morra, R. M. and Armstrong, R. L. and Hogan, M. J. and Gerlach, P. and Hirakawa, K.},
  journal = {Phys. Rev. Lett.},
  volume = {56},
  issue = {4},
  pages = {371--374},
  numpages = {0},
  year = {1986},
  month = {Jan},
  publisher = {American Physical Society},
  doi = {10.1103/PhysRevLett.56.371},
  url = {https://link.aps.org/doi/10.1103/PhysRevLett.56.371}
}

@article{Fu2012,
  title = {Topology, Delocalization via Average Symmetry and the Symplectic Anderson Transition},
  author = {Fu, Liang and Kane, C. L.},
  journal = {Phys. Rev. Lett.},
  volume = {109},
  issue = {24},
  pages = {246605},
  numpages = {5},
  year = {2012},
  month = {Dec},
  publisher = {American Physical Society},
  doi = {10.1103/PhysRevLett.109.246605},
  url = {https://link.aps.org/doi/10.1103/PhysRevLett.109.246605}
}

@article{Sachdev1999,
doi = {10.1088/2058-7058/12/4/23},
url = {https://dx.doi.org/10.1088/2058-7058/12/4/23},
year = {1999},
month = {apr},
publisher = {},
volume = {12},
number = {4},
pages = {33},
author = {Sachdev, Subir},
title = {Quantum phase transitions},
journal = {Physics World},
abstract = {Nature abounds with phase transitions. The boiling and freezing of water are everyday examples of phase transitions, as are more exotic processes such as superconductivity and superfluidity. The universe itself is thought to have passed through several phase transitions as the high-temperature plasma formed by the big bang cooled to form the world as we know it today.}
}

@article{Sherson2010,
title={Single-atom-resolved fluorescence imaging of an atomic Mott insulator},
author={Jacob F. Sherson and Christof Weitenberg and Manuel Endres and Marc Cheneau and Immanuel Bloch and Stefan Kuhr},
journal={Nature},
volume={467},
pages={68-72},
year={2010},
publisher={Nature Publishing Group UK London},
URL = {https://doi.org/10.1038/nature09378},
doi = {10.1038/nature09378},
}

@article{
Bakr2010,
author = {W. S. Bakr  and A. Peng  and M. E. Tai  and R. Ma  and J. Simon  and J. I. Gillen  and S. Fölling  and L. Pollet  and M. Greiner },
title = {Probing the Superfluid–to–Mott Insulator Transition at the Single-Atom Level},
journal = {Science},
volume = {329},
number = {5991},
pages = {547-550},
year = {2010},
doi = {10.1126/science.1192368},
URL = {https://www.science.org/doi/abs/10.1126/science.1192368}}









@article{Chen2012,
author = {Xie Chen  and Zheng-Cheng Gu  and Zheng-Xin Liu  and Xiao-Gang Wen },
title = {Symmetry-Protected Topological Orders in Interacting Bosonic Systems},
journal = {Science},
volume = {338},
number = {6114},
pages = {1604-1606},
year = {2012},
doi = {10.1126/science.1227224},
URL = {https://www.science.org/doi/abs/10.1126/science.1227224}}

@article{De2022,
  title={Symmetry protected topological order in open quantum systems},
  author={de Groot, Caroline and Turzillo, Alex and Schuch, Norbert},
  journal={Quantum},
  volume={6},
  pages={856},
  year={2022},
  publisher={Verein zur F{\"o}rderung des Open Access Publizierens in den Quantenwissenschaften},
  url={https://doi.org/10.22331/q-2022-11-10-856}
}

@article{Herrmann2022,
  title={Realizing quantum convolutional neural networks on a superconducting quantum processor to recognize quantum phases},
  author={Herrmann, Johannes and Llima, Sergi Masot and Remm, Ants and Zapletal, Petr and McMahon, Nathan A and Scarato, Colin and Swiadek, Fran{\c{c}}ois and Andersen, Christian Kraglund and Hellings, Christoph and Krinner, Sebastian and others},
  journal={Nature communications},
  volume={13},
  number={1},
  pages={4144},
  year={2022},
  publisher={Nature Publishing Group UK London},
  url={https://doi.org/10.1038/s41467-022-31679-5}
}


@article{Xu1996,
  title = {${\mathrm{Y}}_{2}$BaNi${\mathrm{O}}_{5}$: A nearly ideal realization of the $S=1$ Heisenberg chain with antiferromagnetic interactions},
  author = {Xu, Guangyong and DiTusa, J. F. and Ito, T. and Oka, K. and Takagi, H. and Broholm, C. and Aeppli, G.},
  journal = {Phys. Rev. B},
  volume = {54},
  issue = {10},
  pages = {R6827--R6830},
  numpages = {0},
  year = {1996},
  month = {Sep},
  publisher = {American Physical Society},
  doi = {10.1103/PhysRevB.54.R6827},
  url = {https://link.aps.org/doi/10.1103/PhysRevB.54.R6827}
}

@article{Gu2009,
  title = {Tensor-entanglement-filtering renormalization approach and symmetry-protected topological order},
  author = {Gu, Zheng-Cheng and Wen, Xiao-Gang},
  journal = {Phys. Rev. B},
  volume = {80},
  issue = {15},
  pages = {155131},
  numpages = {23},
  year = {2009},
  month = {Oct},
  publisher = {American Physical Society},
  doi = {10.1103/PhysRevB.80.155131},
  url = {https://link.aps.org/doi/10.1103/PhysRevB.80.155131}
}

@article{Pollmann2010,
  title = {Entanglement spectrum of a topological phase in one dimension},
  author = {Pollmann, Frank and Turner, Ari M. and Berg, Erez and Oshikawa, Masaki},
  journal = {Phys. Rev. B},
  volume = {81},
  issue = {6},
  pages = {064439},
  numpages = {10},
  year = {2010},
  month = {Feb},
  publisher = {American Physical Society},
  doi = {10.1103/PhysRevB.81.064439},
  url = {https://link.aps.org/doi/10.1103/PhysRevB.81.064439}
}

@article{Pollmann2012,
  title = {Symmetry protection of topological phases in one-dimensional quantum spin systems},
  author = {Pollmann, Frank and Berg, Erez and Turner, Ari M. and Oshikawa, Masaki},
  journal = {Phys. Rev. B},
  volume = {85},
  issue = {7},
  pages = {075125},
  numpages = {9},
  year = {2012},
  month = {Feb},
  publisher = {American Physical Society},
  doi = {10.1103/PhysRevB.85.075125},
  url = {https://link.aps.org/doi/10.1103/PhysRevB.85.075125}
}

@article{Schuch2011,
  title = {Classifying quantum phases using matrix product states and projected entangled pair states},
  author = {Schuch, Norbert and P\'erez-Garc\'{\i}a, David and Cirac, Ignacio},
  journal = {Phys. Rev. B},
  volume = {84},
  issue = {16},
  pages = {165139},
  numpages = {21},
  year = {2011},
  month = {Oct},
  publisher = {American Physical Society},
  doi = {10.1103/PhysRevB.84.165139},
  url = {https://link.aps.org/doi/10.1103/PhysRevB.84.165139}
}

@article{Chen2011,
  title = {Complete classification of one-dimensional gapped quantum phases in interacting spin systems},
  author = {Chen, Xie and Gu, Zheng-Cheng and Wen, Xiao-Gang},
  journal = {Phys. Rev. B},
  volume = {84},
  issue = {23},
  pages = {235128},
  numpages = {14},
  year = {2011},
  month = {Dec},
  publisher = {American Physical Society},
  doi = {10.1103/PhysRevB.84.235128},
  url = {https://link.aps.org/doi/10.1103/PhysRevB.84.235128}
}

@article{Lv2018,
doi = {10.1209/0295-5075/123/10004},
url = {https://dx.doi.org/10.1209/0295-5075/123/10004},
year = {2018},
month = {aug},
publisher = {EDP Sciences, IOP Publishing and Società Italiana di Fisica},
volume = {123},
number = {1},
pages = {10004},
author = {Lv, Jian-Ping and Wang, Jian-Sheng},
title = {Bosonic Haldane insulator in the presence of local disorder: A quantum Monte Carlo study},
journal = {Europhysics Letters}
}

@article{Coser2019,
  title={Classification of phases for mixed states via fast dissipative evolution},
  author={Coser, Andrea and P{\'e}rez-Garc{\'\i}a, David},
  journal={Quantum},
  volume={3},
  pages={174},
  year={2019},
  publisher={Verein zur F{\"o}rderung des Open Access Publizierens in den Quantenwissenschaften},
  url={	https://doi.org/10.22331/q-2019-08-12-174}
}

@article{Fan2024,
  title = {Diagnostics of Mixed-State Topological Order and Breakdown of Quantum Memory},
  author = {Fan, Ruihua and Bao, Yimu and Altman, Ehud and Vishwanath, Ashvin},
  journal = {PRX Quantum},
  volume = {5},
  issue = {2},
  pages = {020343},
  numpages = {17},
  year = {2024},
  month = {May},
  publisher = {American Physical Society},
  doi = {10.1103/PRXQuantum.5.020343},
  url = {https://link.aps.org/doi/10.1103/PRXQuantum.5.020343}
}

@misc{Bao2023,
      title={Mixed-state topological order and the errorfield double formulation of decoherence-induced transitions}, 
      author={Yimu Bao and Ruihua Fan and Ashvin Vishwanath and Ehud Altman},
      year={2023},
      eprint={2301.05687},
      archivePrefix={arXiv},
      primaryClass={quant-ph},
      url={https://arxiv.org/abs/2301.05687}, 
}

@article{Verstraete2009,
  title={Quantum computation and quantum-state engineering driven by dissipation},
  author={Verstraete, Frank and Wolf, Michael M and Ignacio Cirac, J},
  journal={Nature physics},
  volume={5},
  number={9},
  pages={633--636},
  year={2009},
  publisher={Nature Publishing Group UK London},
  url={https://doi.org/10.1038/nphys1342}
}

@article{Diehl2008,
   title={Quantum states and phases in driven open quantum systems with cold atoms},
   volume={4},
   ISSN={1745-2481},
   url={http://dx.doi.org/10.1038/nphys1073},
   DOI={10.1038/nphys1073},
   number={11},
   journal={Nature Physics},
   publisher={Springer Science and Business Media LLC},
   author={Diehl, S. and Micheli, A. and Kantian, A. and Kraus, B. and Büchler, H. P. and Zoller, P.},
   year={2008},
   month=sep, pages={878–883} }

@article{Sang2024,
  title = {Mixed-State Quantum Phases: Renormalization and Quantum Error Correction},
  author = {Sang, Shengqi and Zou, Yijian and Hsieh, Timothy H.},
  journal = {Phys. Rev. X},
  volume = {14},
  issue = {3},
  pages = {031044},
  numpages = {24},
  year = {2024},
  month = {Sep},
  publisher = {American Physical Society},
  doi = {10.1103/PhysRevX.14.031044},
  url = {https://link.aps.org/doi/10.1103/PhysRevX.14.031044}
}
@article{Sang2025,
  title = {Stability of Mixed-State Quantum Phases via Finite Markov Length},
  author = {Sang, Shengqi and Hsieh, Timothy H.},
  journal = {Phys. Rev. Lett.},
  volume = {134},
  issue = {7},
  pages = {070403},
  numpages = {7},
  year = {2025},
  month = {Feb},
  publisher = {American Physical Society},
  doi = {10.1103/PhysRevLett.134.070403},
  url = {https://link.aps.org/doi/10.1103/PhysRevLett.134.070403}
}

@article{Chen2024,
  title = {Separability Transitions in Topological States Induced by Local Decoherence},
  author = {Chen, Yu-Hsueh and Grover, Tarun},
  journal = {Phys. Rev. Lett.},
  volume = {132},
  issue = {17},
  pages = {170602},
  numpages = {6},
  year = {2024},
  month = {Apr},
  publisher = {American Physical Society},
  doi = {10.1103/PhysRevLett.132.170602},
  url = {https://link.aps.org/doi/10.1103/PhysRevLett.132.170602}
}

@article{Bloch2008,
  title = {Many-body physics with ultracold gases},
  author = {Bloch, Immanuel and Dalibard, Jean and Zwerger, Wilhelm},
  journal = {Rev. Mod. Phys.},
  volume = {80},
  issue = {3},
  pages = {885--964},
  numpages = {0},
  year = {2008},
  month = {Jul},
  publisher = {American Physical Society},
  doi = {10.1103/RevModPhys.80.885},
  url = {https://link.aps.org/doi/10.1103/RevModPhys.80.885}
}









@article{Gross2017,
author = {Christian Gross  and Immanuel Bloch },
title = {Quantum simulations with ultracold atoms in optical lattices},
journal = {Science},
volume = {357},
number = {6355},
pages = {995-1001},
year = {2017},
doi = {10.1126/science.aal3837},
URL = {https://www.science.org/doi/abs/10.1126/science.aal3837}}










@article{Semeghini2021,
author = {G. Semeghini  and H. Levine  and A. Keesling  and S. Ebadi  and T. T. Wang  and D. Bluvstein  and R. Verresen  and H. Pichler  and M. Kalinowski  and R. Samajdar  and A. Omran  and S. Sachdev  and A. Vishwanath  and M. Greiner  and V. Vuletić  and M. D. Lukin },
title = {Probing topological spin liquids on a programmable quantum simulator},
journal = {Science},
volume = {374},
number = {6572},
pages = {1242-1247},
year = {2021},
doi = {10.1126/science.abi8794},
URL = {https://www.science.org/doi/abs/10.1126/science.abi8794}}

@article{Scholl2021,
  title={Quantum simulation of 2D antiferromagnets with hundreds of Rydberg atoms},
  author={Scholl, Pascal and Schuler, Michael and Williams, Hannah J and Eberharter, Alexander A and Barredo, Daniel and Schymik, Kai-Niklas and Lienhard, Vincent and Henry, Louis-Paul and Lang, Thomas C and Lahaye, Thierry and others},
  journal={Nature},
  volume={595},
  number={7866},
  pages={233--238},
  year={2021},
  publisher={Nature Publishing Group UK London},
  url={https://doi.org/10.1038/s41586-021-03585-1}
}

@article{Ebadi2021,
  title={Quantum phases of matter on a 256-atom programmable quantum simulator},
  author={Ebadi, Sepehr and Wang, Tout T and Levine, Harry and Keesling, Alexander and Semeghini, Giulia and Omran, Ahmed and Bluvstein, Dolev and Samajdar, Rhine and Pichler, Hannes and Ho, Wen Wei and others},
  journal={Nature},
  volume={595},
  number={7866},
  pages={227--232},
  year={2021},
  publisher={Nature Publishing Group UK London},
  url={https://doi.org/10.1038/s41586-021-03582-4}
}

@article{Zhang2025,
author = {Yuxuan Zhang and Timothy H. Hsieh and Yong Baek Kim and Yijian Zou},
title = {Probing mixed-state phases on a quantum computer via Renyi correlators and variational decoding},
journal = {arXiv},
volume = {2505},
pages = {02900},
year = {2025},
doi = {10.48550/arXiv.2505.02900},
URL = { 
https://doi.org/10.48550/arXiv.2505.02900}}

@article{Atala2013,
  title={Direct measurement of the Zak phase in topological Bloch bands},
  author={Atala, Marcos and Aidelsburger, Monika and Barreiro, Julio T and Abanin, Dmitry and Kitagawa, Takuya and Demler, Eugene and Bloch, Immanuel},
  journal={Nature Physics},
  volume={9},
  number={12},
  pages={795--800},
  year={2013},
  publisher={Nature Publishing Group UK London},
  url={https://doi.org/10.1038/nphys2790}
}

@article{Meier2016,
  title={Observation of the topological soliton state in the Su--Schrieffer--Heeger model},
  author={Meier, Eric J and An, Fangzhao Alex and Gadway, Bryce},
  journal={Nature communications},
  volume={7},
  number={1},
  pages={13986},
  year={2016},
  publisher={Nature Publishing Group UK London},
  url={https://doi.org/10.1038/ncomms13986}
}

@article{Freed2014,
author = {Daniel S. Freed},
title = {Short-range entanglement and invertible field theories},
journal = {arXiv},
volume = {1406},
pages = {7278},
year = {2014},
doi = {10.48550/arXiv.1406.7278},
URL = {https://doi.org/10.48550/arXiv.1406.7278}}

@article{Chen2010,
  title = {Local unitary transformation, long-range quantum entanglement, wave function renormalization, and topological order},
  author = {Chen, Xie and Gu, Zheng-Cheng and Wen, Xiao-Gang},
  journal = {Phys. Rev. B},
  volume = {82},
  issue = {15},
  pages = {155138},
  numpages = {28},
  year = {2010},
  month = {Oct},
  publisher = {American Physical Society},
  doi = {10.1103/PhysRevB.82.155138},
  url = {https://link.aps.org/doi/10.1103/PhysRevB.82.155138}
}


@article{Yue2025,
author = {Zongpei Yue and Yu-Feng Mao and Xinhui Liang and Zhen-Xing Hua and Peiyun Ge and Yu-Xin Chao and Kai Li and Chen Jia and Meng Khoon Tey and Yong Xu and Li You},
title = {Observing structural disorder induced interacting topological phase in an atom array},
journal = {arXiv},
volume = {2505},
pages = {06286},
year = {2025},
doi = {10.48550/arXiv.2505.06286},
URL = {https://doi.org/10.48550/arXiv.2505.06286}}


@article{Pollmann2012Detection,
  title = {Detection of symmetry-protected topological phases in one dimension},
  author = {Pollmann, Frank and Turner, Ari M.},
  journal = {Phys. Rev. B},
  volume = {86},
  issue = {12},
  pages = {125441},
  numpages = {13},
  year = {2012},
  month = {Sep},
  publisher = {American Physical Society},
  doi = {10.1103/PhysRevB.86.125441},
  url = {https://link.aps.org/doi/10.1103/PhysRevB.86.125441}
}

@article{Gaunt2013,
  title = {Bose-Einstein Condensation of Atoms in a Uniform Potential},
  author = {Gaunt, Alexander L. and Schmidutz, Tobias F. and Gotlibovych, Igor and Smith, Robert P. and Hadzibabic, Zoran},
  journal = {Phys. Rev. Lett.},
  volume = {110},
  issue = {20},
  pages = {200406},
  numpages = {5},
  year = {2013},
  month = {May},
  publisher = {American Physical Society},
  doi = {10.1103/PhysRevLett.110.200406},
  url = {https://link.aps.org/doi/10.1103/PhysRevLett.110.200406}
}


@article{Zaletel2015,
  title = {Time-evolving a matrix product state with long-ranged interactions},
  author = {Zaletel, Michael P. and Mong, Roger S. K. and Karrasch, Christoph and Moore, Joel E. and Pollmann, Frank},
  journal = {Phys. Rev. B},
  volume = {91},
  issue = {16},
  pages = {165112},
  numpages = {8},
  year = {2015},
  month = {Apr},
  publisher = {American Physical Society},
  doi = {10.1103/PhysRevB.91.165112},
  url = {https://link.aps.org/doi/10.1103/PhysRevB.91.165112}
}



@Article{Hauschild18,
	title={{Efficient numerical simulations with Tensor Networks: Tensor Network  Python (TeNPy)}},
	author={Johannes Hauschild and Frank Pollmann},
	journal={SciPost Phys. Lect. Notes},
	pages={5},
	year={2018},
	publisher={SciPost},
	doi={10.21468/SciPostPhysLectNotes.5},
	url={https://scipost.org/10.21468/SciPostPhysLectNotes.5},
}


@Article{QuSpin,
	title={{QuSpin: a Python package for dynamics and exact diagonalisation of quantum many body systems part I: spin chains}},
	author={Phillip Weinberg and Marin Bukov},
	journal={SciPost Phys.},
	volume={2},
	pages={003},
	year={2017},
	publisher={SciPost},
	doi={10.21468/SciPostPhys.2.1.003},
	url={https://scipost.org/10.21468/SciPostPhys.2.1.003},
}

@article{Senthil2015,
  title={Symmetry-protected topological phases of quantum matter},
  author={Senthil, Todadri},
  journal={Annu. Rev. Condens. Matter Phys.},
  volume={6},
  number={1},
  pages={299--324},
  year={2015},
  publisher={Annual Reviews}
}

@article{Bohrdt2021,
  title={Exploration of doped quantum magnets with ultracold atoms},
  author={Bohrdt, Annabelle and Homeier, Lukas and Reinmoser, Christian and Demler, Eugene and Grusdt, Fabian},
  journal={Annals of Physics},
  volume={435},
  pages={168651},
  year={2021},
  publisher={Elsevier}
}


@misc{Sahay2025,
      title={Sahay et al. (to appear)},
      year={2025} 
}