@misc{goog,
  year = {2023},
  title = {How Many Android Users Are There in the World?},
  howpublished = {https://www.bankmycell.com/blog/how-many-android-users-are-there},
}

@misc{app,
  year =   {2023},
  title =   {How Many Apps on Google Play (2009-2022)},
  howpublished =  {https://www.bankmycell.com/blog/number-of-google-play-store-apps},
}

@misc{market-share,
  title= {Android vs. Apple Market Share: Leading Mobile Operating Systems (OS)},
  howpublished = {https://www.bankmycell.com/blog/android-vs-apple-market-share/},
  year={2023},
}

@misc{codellama,
    title= {CodeLlama},
    howpublished = "https://codellama.dev/about",
    year={2022},
}

@misc{deepseekcoder,
    title= {DeepseekCoder},
    howpublished = "https://deepseekcoder.github.io/t",
    year={2022},
}

@misc{stackoverflow,
	title= {Stack Overflow},
	howpublished = {https://stackoverflow.com/},
	year={August 2021},
	month={Aug},
}

@misc{stackoverflowSearch,
	title= {Usage of /search/advanced},
	howpublished = {https://api.stackexchange.com/docs/advanced-search},
	year={August 2021},
	month={Aug},
}

@misc{monkey,
  title= {Monkey},
  howpublished = {http://developer.android.com/tools/help/monkey.html},
  year={August 2021},
  month={Aug},
}

@misc{beautifulsoup,
        author={Leonard Richardson},
	title= {Beautiful Soup},
	howpublished = {\url{https://www.crummy.com/software/BeautifulSoup/}},
	year={August 2021},
	month={Aug},
}

@misc{passegares,
	title= {PasseGares},
	howpublished = {https://framagit.org/JonathanMM/passegares},
	year={August 2021},
	month={Aug},
}

@misc{anki,
	title= {Anki-Android},
	howpublished = {https://github.com/ankidroid/Anki-Android},
	year={August 2021},
	month={Aug},
}

@misc{usesOfAPILevel,
	title= {Uses of API Level in Android},
	howpublished = {\url{https://developer.android.com/guide/topics/manifest/uses-sdk-element\#uses}},
	year={August 2021},
	month={Aug},
}

@misc{maxSdkVersion,
	title= {Differences Between minSdkVersion, maxSdkVersion, compileSdkVersion and targetSdkVersion},
	howpublished = {\url{https://www.thedroidsonroids.com/blog/compile-min-max-and-target-sdk-versions}},
	year={August 2021},
	month={Aug},
}

@misc{forwardCompatibility,
	title= {Forward compatibility},
	howpublished = {\url{https://developer.android.com/guide/topics/manifest/uses-sdk-element#fc}},
	year={August 2021},
	month={Aug},
}

@misc{backwardCompatibility,
	title= {Backward compatibility},
	howpublished = {\url{https://developer.android.com/guide/topics/manifest/uses-sdk-element#bc}},
	year={August 2021},
	month={Aug},
}

@misc{targetAPI,
	title= {@Target{A}pi},
	howpublished = {\url{https://developer.android.com/reference/android/annotation/TargetApi}},
	year={August 2021},
	month={Aug},
}

@misc{reqquiresAPI,
	title= {@Requires{A}pi},
	howpublished = {\url{https://developer.android.com/reference/androidx/annotation/RequiresApi}},
	year={August 2021},
	month={Aug},
}

@misc{AmazeFileManager,
	title= {Amaze File Manager},
	howpublished = {\url{https://github.com/TeamAmaze/AmazeFileManager}},
	year={August 2021},
	month={Aug},
}

@misc{wikipedia,
        author="Wikipedia",
	title= {Android app},
	howpublished = {https://github.com/wikimedia/apps-android-wikipedia},
	year={August 2021},
	month={Aug},
}

@misc{LaunchTime,
	title= {LaunchTime},
	howpublished = {https://github.com/quaap/LaunchTime},
	year={August 2021},
	month={Aug},
}

@misc{OmniNotes,
	title= {Omni Notes},
	howpublished = {https://github.com/federicoiosue/Omni-Notes},
	year={August 2021},
	month={Aug},
}

@misc{jadx,
	title= {JADX},
	howpublished = {https://github.com/skylot/jadx},
	year={August 2021},
	month={Aug},
}

@misc{f-measure,
	title= {F1-measure},
	howpublished = {https://en.wikipedia.org/wiki/F1\_score},
	year={August 2021},
	month={Aug},
}

@book{arnold1996software,
	title={Software change impact analysis},
	author={Arnold, Robert S and Bohner, Shawn},
	year={1996},
	publisher={IEEE Computer Society Press}
}

@misc{android,
author = "Wikipedia",
  title= {Android Version History},
  howpublished = {\url{https://en.wikipedia.org/wiki/Android_version_history}},
  year={August 2021},
  month={Aug},
}

@misc{play-store,
author = "Google",
  title= {Play Store},
  howpublished = {https://play.google.com},
  year={August 2021},
  month={Aug},
}

@misc{Fossdroid,
author = "Fossdroid",
  title= {Fossdroid},
  howpublished = {https://fossdroid.com},
  year={August 2021},
  month={Aug},
}

@misc{F-Droid,
author = "F-Droid",
  title= {F-Droid},
  howpublished = {https://f-droid.org},
  year={August 2021},
  month={Aug},
}

@misc{github,
author = "GitHub",
	title= {GitHub},
	howpublished = {https://github.com},
	year={August 2021},
	month={Aug},
}

@misc{deprecation,
	title= {Deprecation},
	howpublished = {https://developers.google.com/android/work/deprecations},
	year={2021},
}

@misc{replication,
	title= {Replication Package},
	howpublished = {https://tinyurl.com/incompatible-APIs-detection},
	year={2024},
}

@misc{codex,
    title={OpenAI Codex},
    howpublished={https://openai.com/blog/openai-codex},
    year={2023}
}

@misc{copilot,
    title={GitHub Copilot},
    howpublished={https://github.com/features/copilot},
    year={2023}
}

@misc{gpt4,
    title={GPT-4},
    howpublished={https://openai.com/gpt-4},
    year={2023}
}

@misc{rlhf,
    title={RLHF: Reinforcement Learning from Human Feedback},
    howpublished={https://huyenchip.com/2023/05/02/rlhf.html},
    year={2023} 
}

@misc{nlp,
    title={The Power of Natural Language Processing},
    howpublished={https://hbr.org/2022/04/the-power-of-natural-language-processing},
    year={2022} 
}

@misc{robolectric,
    title={Robolectric},
    howpublished={https://robolectric.org/},
    year={2021} 
}

@misc{chatGPT,
    title={ChatGPT},
    howpublished={https://chat.openai.com/},
    year={2023}
}

@misc{instructGPT,
    title={InstructGPT},
    howpublished={https://gpt3demo.com/apps/instructgpt},
    year={2023}
}

@misc{monkey-old,
  author =       {Monkey},
  howpublished =          {http://developer.android.com/tools/help/monkey.html},
  year= {August 2021},
  
}
@misc{diff,
  author = {Android},
  year = {August 2021},
  title = {Android API Differences Report},
  howpublished = {https://developer.android.com/sdk/api_diff/30/changes/changes-summary},
}

@misc{githubRestAPI,
author = "GitHub",
	title= {GitHub REST API},
	howpublished = {https://docs.github.com/en/rest},
	year= {August 2021},
}

@misc{androidDevelopers,
    author = "Android",
    title = {Android Developers Documentation},
    howpublished = {https://developer.android.com/},
    year = {April 2023},
}

@misc{lint,
	author = "Android",
	title = "Android Lint",
	howpublished = "http://tools.android.com/tips/lint",
	year="August 2021",
}
@misc{javacg,
  author = "Georgios Gousios",
  year = "Decemner 2018",
  title = "Programs for producing static and dynamic (runtime) call graphs for Java programs",
  howpublished = "https://github.com/gousiosg/java-callgraph",
}

@misc{androidFundamentals,
    author = "Android",
  title= {Android Fundamentals},
  howpublished = {https://developer.android.com/guide/components/fundamentals},
  year={August 2021},
  month={Aug},
}

@misc{androidAPI,
    author = "Android",
  title= {Platform Architecture},
  howpublished = {https://developer.android.com/guide/platform},
  year={August 2021},
  month={Aug},
}

@INPROCEEDINGS{6494930,
author={D. {Amalfitano} and A. R. {Fasolino} and P. {Tramontana} and S. {De Carmine} and A. M. {Memon}},
booktitle={2012 Proceedings of the 27th IEEE/ACM International Conference on Automated Software Engineering},
title={Using GUI ripping for automated testing of Android applications},
year={2012},
volume={},
number={},
pages={258-261},
keywords={graphical user interfaces;mobile computing;operating systems (computers);program testing;public domain software;GUI ripping;graphical user interface;automated testing;Android application;AndroidRipper technique;user-interface driven ripper;open-source Android;Android;Testing Automation;Testing Tools},
doi={10.1145/2351676.2351717},
ISSN={},
month={Sep.},}
@inproceedings{Anand:2012:ACT:2393596.2393666,
 author = {Anand, Saswat and Naik, Mayur and Harrold, Mary Jean and Yang, Hongseok},
 title = {Automated Concolic Testing of Smartphone Apps},
 booktitle = {Proceedings of the ACM SIGSOFT 20th International Symposium on the Foundations of Software Engineering},
 series = {FSE '12},
 year = {2012},
 isbn = {978-1-4503-1614-9},
 location = {Cary, North Carolina},
 pages = {59:1--59:11},
 articleno = {59},
 numpages = {11},
 url = {http://doi.acm.org/10.1145/2393596.2393666},
 doi = {10.1145/2393596.2393666},
 acmid = {2393666},
 publisher = {ACM},
 address = {New York, NY, USA},
 keywords = {Android, GUI testing, testing event-driven programs},
} 


@inproceedings{Coppola:2017:SGT:3127005.3127008,
 author = {Coppola, Riccardo and Morisio, Maurizio and Torchiano, Marco},
 title = {Scripted GUI Testing of Android Apps: A Study on Diffusion, Evolution and Fragility},
 booktitle = {Proceedings of the 13th International Conference on Predictive Models and Data Analytics in Software Engineering},
 series = {PROMISE},
 year = {2017},
 isbn = {978-1-4503-5305-2},
 location = {Toronto, Canada},
 pages = {22--32},
 numpages = {11},
 url = {http://doi.acm.org/10.1145/3127005.3127008},
 doi = {10.1145/3127005.3127008},
 acmid = {3127008},
 publisher = {ACM},
 address = {New York, NY, USA},
 keywords = {Automated Software Testing, GUI Testing, Mobile Development, Software Evolution, Software Maintenance},
} 
@inproceedings{Moran:2017:CPT:3098344.3098350,
 author = {Moran, Kevin and Linares-V\'{a}squez, Mario and Bernal-C\'{a}rdenas, Carlos and Vendome, Christopher and Poshyvanyk, Denys},
 title = {CrashScope: A Practical Tool for Automated Testing of Android Applications},
 booktitle = {Proceedings of the 39th International Conference on Software Engineering Companion},
 series = {ICSE-C '17},
 year = {2017},
 isbn = {978-1-5386-1589-8},
 location = {Buenos Aires, Argentina},
 pages = {15--18},
 numpages = {4},
 url = {https://doi.org/10.1109/ICSE-C.2017.16},
 doi = {10.1109/ICSE-C.2017.16},
 acmid = {3098350},
 publisher = {IEEE Press},
 address = {Piscataway, NJ, USA},
 keywords = {Android, automated testing, crash reports},
} 
@inproceedings{Ami:2018:MCT:3197231.3197234,
 author = {Ami, Amit Seal and Hasan, Md. Mehedi and Rahman, Md. Rayhanur and Sakib, Kazi},
 title = {Mobicomonkey: Context Testing of Android Apps},
 booktitle = {Proceedings of the 5th International Conference on Mobile Software Engineering and Systems},
 series = {MOBILESoft '18},
 year = {2018},
 isbn = {978-1-4503-5712-8},
 location = {Gothenburg, Sweden},
 pages = {76--79},
 numpages = {4},
 url = {http://doi.acm.org/10.1145/3197231.3197234},
 doi = {10.1145/3197231.3197234},
 acmid = {3197234},
 publisher = {ACM},
 address = {New York, NY, USA},
 keywords = {Android, contextual testing, empirical software engineering, emulator, mobile, simulation, stress testing},
} 
@inproceedings{Moran:2018:MMT:3183440.3183492,
 author = {Moran, Kevin and Tufano, Michele and Bernal-C\'{a}rdenas, Carlos and Linares-V\'{a}squez, Mario and Bavota, Gabriele and Vendome, Christopher and Di Penta, Massimiliano and Poshyvanyk, Denys},
 title = {MDroid+: A Mutation Testing Framework for Android},
 booktitle = {Proceedings of the 40th International Conference on Software Engineering: Companion Proceeedings},
 series = {ICSE '18},
 year = {2018},
 isbn = {978-1-4503-5663-3},
 location = {Gothenburg, Sweden},
 pages = {33--36},
 numpages = {4},
 url = {http://doi.acm.org/10.1145/3183440.3183492},
 doi = {10.1145/3183440.3183492},
 acmid = {3183492},
 publisher = {ACM},
 address = {New York, NY, USA},
 keywords = {android, mutation testing, operators},
} 
@inproceedings{Machiry:2013:DIG:2491411.2491450,
 author = {Machiry, Aravind and Tahiliani, Rohan and Naik, Mayur},
 title = {Dynodroid: An Input Generation System for Android Apps},
 booktitle = {Proceedings of the 2013 9th Joint Meeting on Foundations of Software Engineering},
 series = {ESEC/FSE 2013},
 year = {2013},
 isbn = {978-1-4503-2237-9},
 location = {Saint Petersburg, Russia},
 pages = {224--234},
 numpages = {11},
 url = {http://doi.acm.org/10.1145/2491411.2491450},
 doi = {10.1145/2491411.2491450},
 acmid = {2491450},
 publisher = {ACM},
 address = {New York, NY, USA},
 keywords = {Android, GUI testing, testing event-driven programs},
} 
@inproceedings{Mahmood:2014:ESE:2635868.2635896,
 author = {Mahmood, Riyadh and Mirzaei, Nariman and Malek, Sam},
 title = {EvoDroid: Segmented Evolutionary Testing of Android Apps},
 booktitle = {Proceedings of the 22Nd ACM SIGSOFT International Symposium on Foundations of Software Engineering},
 series = {FSE 2014},
 year = {2014},
 isbn = {978-1-4503-3056-5},
 location = {Hong Kong, China},
 pages = {599--609},
 numpages = {11},
 url = {http://doi.acm.org/10.1145/2635868.2635896},
 doi = {10.1145/2635868.2635896},
 acmid = {2635896},
 publisher = {ACM},
 address = {New York, NY, USA},
 keywords = {Android, Evolutionary Testing, Program Analysis},
} 
 BibTeX | EndNote | ACM Ref

@inproceedings{Zhang:2012:FCI:2393596.2393642,
 author = {Zhang, Lingming and Kim, Miryung and Khurshid, Sarfraz},
 title = {FaultTracer: A Change Impact and Regression Fault Analysis Tool for Evolving Java Programs},
 booktitle = {Proceedings of the ACM SIGSOFT 20th International Symposium on the Foundations of Software Engineering},
 series = {FSE '12},
 year = {2012},
 isbn = {978-1-4503-1614-9},
 location = {Cary, North Carolina},
 pages = {40:1--40:4},
 articleno = {40},
 numpages = {4},
 url = {http://doi.acm.org/10.1145/2393596.2393642},
 doi = {10.1145/2393596.2393642},
 acmid = {2393642},
 publisher = {ACM},
 address = {New York, NY, USA},
 keywords = {fault localization, regression testing, software evolution},
} 
@inproceedings{Ren:2004:CTC:1028976.1029012,
 author = {Ren, Xiaoxia and Shah, Fenil and Tip, Frank and Ryder, Barbara G. and Chesley, Ophelia},
 title = {Chianti: A Tool for Change Impact Analysis of Java Programs},
 booktitle = {Proceedings of the 19th Annual ACM SIGPLAN Conference on Object-oriented Programming, Systems, Languages, and Applications},
 series = {OOPSLA '04},
 year = {2004},
 isbn = {1-58113-831-8},
 location = {Vancouver, BC, Canada},
 pages = {432--448},
 numpages = {17},
 url = {http://doi.acm.org/10.1145/1028976.1029012},
 doi = {10.1145/1028976.1029012},
 acmid = {1029012},
 publisher = {ACM},
 address = {New York, NY, USA},
 keywords = {analysis of object-oriented programs, change impact analysis, regression test, unit test},
} 
@Article{Qian2016,
author="Qian, Ju
and Zhou, Di",
title="Prioritizing Test Cases for Memory Leaks in Android Applications",
journal="Journal of Computer Science and Technology",
year="2016",
month="Sep",
day="01",
volume="31",
number="5",
pages="869--882",
issn="1860-4749",
doi="10.1007/s11390-016-1670-2",
url="https://doi.org/10.1007/s11390-016-1670-2"
}
@article{Khatibsyarbini:2018:TCP:3165329.3165695,
 author = {Khatibsyarbini, Muhammad and Isa, Mohd Adham and Jawawi, Dayang N.A. and Tumeng, Rooster},
 title = {Test Case Prioritization Approaches in Regression Testing},
 journal = {Inf. Softw. Technol.},
 issue_date = {January 2018},
 volume = {93},
 number = {C},
 month = jan,
 year = {2018},
 issn = {0950-5849},
 pages = {74--93},
 numpages = {20},
 url = {https://doi.org/10.1016/j.infsof.2017.08.014},
 doi = {10.1016/j.infsof.2017.08.014},
 acmid = {3165695},
 publisher = {Butterworth-Heinemann},
 address = {Newton, MA, USA},
 keywords = {Regression testing, Software testing, Systematic literature review, Test case prioritization},
}
@inproceedings{Yang:2018:AOS:3197231.3197258,
 author = {Yang, Guowei and Jones, Jeffrey and Moninger, Austin and Che, Meiru},
 title = {How Do Android Operating System Updates Impact Apps?},
 booktitle = {Proceedings of the 5th International Conference on Mobile Software Engineering and Systems},
 series = {MOBILESoft '18},
 year = {2018},
 isbn = {978-1-4503-5712-8},
 location = {Gothenburg, Sweden},
 pages = {156--160},
 numpages = {5},
 url = {http://doi.acm.org/10.1145/3197231.3197258},
 doi = {10.1145/3197231.3197258},
 acmid = {3197258},
 publisher = {ACM},
 address = {New York, NY, USA},
 keywords = {API, Android, change impact analysis, mobile operating system},
} 
@INPROCEEDINGS{671115,
author={T. L. {Graves} and M. J. {Harrold} and J. {Kim} and A. {Porters} and G. {Rothermel}},
booktitle={Proceedings of the 20th International Conference on Software Engineering},
title={An empirical study of regression test selection techniques},
year={1998},
volume={},
number={},
pages={188-197},
keywords={software maintenance;program testing;empirical study;regression test selection techniques;maintenance process;modified software;Software testing;Costs;Computer science;Fault detection;Software maintenance;Performance analysis;System testing;Educational institutions;Performance evaluation;Application software},
doi={10.1109/ICSE.1998.671115},
ISSN={0270-5257},
month={April},}
@INPROCEEDINGS{4639325,
author={R. {Santelices} and P. K. {Chittimalli} and T. {Apiwattanapong} and A. {Orso} and M. J. {Harrold}},
booktitle={2008 23rd IEEE/ACM International Conference on Automated Software Engineering},
title={Test-Suite Augmentation for Evolving Software},
year={2008},
volume={},
number={},
pages={218-227},
keywords={program testing;software fault tolerance;test-suite augmentation;regression testing;evolving software;MATRIX;dependence analysis;partial symbolic execution;fault-detection capabilities;Distance measurement;Software;Testing;Fault diagnosis;Explosions;Gain;Patents},
doi={10.1109/ASE.2008.32},
ISSN={1938-4300},
month={Sep.},}
@article{Graves:2001:ESR:367008.367020,
 author = {Graves, Todd L. and Harrold, Mary Jean and Kim, Jung-Min and Porter, Adam and Rothermel, Gregg},
 title = {An Empirical Study of Regression Test Selection Techniques},
 journal = {ACM Trans. Softw. Eng. Methodol.},
 issue_date = {April 2001},
 volume = {10},
 number = {2},
 month = apr,
 year = {2001},
 issn = {1049-331X},
 pages = {184--208},
 numpages = {25},
 url = {http://doi.acm.org/10.1145/367008.367020},
 doi = {10.1145/367008.367020},
 acmid = {367020},
 publisher = {ACM},
 address = {New York, NY, USA},
 keywords = {empirical study, regression testing, selective retest},
} 

@inproceedings{Yu:2015:TTS:2786805.2803201,
 author = {Yu, Tingting},
 title = {TACO: Test Suite Augmentation for Concurrent Programs},
 booktitle = {Proceedings of the 2015 10th Joint Meeting on Foundations of Software Engineering},
 series = {ESEC/FSE 2015},
 year = {2015},
 isbn = {978-1-4503-3675-8},
 location = {Bergamo, Italy},
 pages = {918--921},
 numpages = {4},
 url = {http://doi.acm.org/10.1145/2786805.2803201},
 doi = {10.1145/2786805.2803201},
 acmid = {2803201},
 publisher = {ACM},
 address = {New York, NY, USA},
 keywords = {Concurrency, Regression Testing},
} 
@INPROCEEDINGS{919106,
author={S. {Elbaum} and A. {Malishevsky} and G. {Rothermel}},
booktitle={Proceedings of the 23rd International Conference on Software Engineering. ICSE 2001},
title={Incorporating varying test costs and fault severities into test case prioritization},
year={2001},
volume={},
number={},
pages={329-338},
keywords={program testing;software metrics;software cost estimation;varying test costs;fault severities;test case prioritization;regression testing;performance goal;fault detection rate;testing process;APFD;fault severity;prioritized test cases;varying test case costs;fault costs;case study;Costs;Computer aided software engineering;Fault detection;Software testing;Job shop scheduling;Computer science;System testing;Processor scheduling;Application software;Frequency},
doi={10.1109/ICSE.2001.919106},
ISSN={0270-5257},
month={May},}
@ARTICLE{1707670,
author={ {Hyunsook Do} and G. {Rothermel}},
journal={IEEE Transactions on Software Engineering},
title={On the Use of Mutation Faults in Empirical Assessments of Test Case Prioritization Techniques},
year={2006},
volume={32},
number={9},
pages={733-752},
keywords={program diagnostics;program testing;regression testing;software life cycle;test case prioritization technique;fault detection;hand-seeded fault;mutation fault;Genetic mutations;Computer aided software engineering;Fault detection;Software testing;System testing;Life testing;Software maintenance;Performance evaluation;Costs;Software measurement;Regression testing;test case prioritization;program mutation;empirical studies.},
doi={10.1109/TSE.2006.92},
ISSN={0098-5589},
month={Sep.},}
@inproceedings{Yoo:2009:CTC:1572272.1572296,
 author = {Yoo, Shin and Harman, Mark and Tonella, Paolo and Susi, Angelo},
 title = {Clustering Test Cases to Achieve Effective and Scalable Prioritisation Incorporating Expert Knowledge},
 booktitle = {Proceedings of the Eighteenth International Symposium on Software Testing and Analysis},
 series = {ISSTA '09},
 year = {2009},
 isbn = {978-1-60558-338-9},
 location = {Chicago, IL, USA},
 pages = {201--212},
 numpages = {12},
 url = {http://doi.acm.org/10.1145/1572272.1572296},
 doi = {10.1145/1572272.1572296},
 acmid = {1572296},
 publisher = {ACM},
 address = {New York, NY, USA},
 keywords = {ahp, clustering, test case prioritisation},
} 
@INPROCEEDINGS{792604,
author={G. {Rothermel} and R. H. {Untch} and {Chengyun Chu} and M. J. {Harrold}},
booktitle={Proceedings IEEE International Conference on Software Maintenance - 1999 (ICSM'99). 'Software Maintenance for Business Change' (Cat. No.99CB36360)},
title={Test case prioritization: an empirical study},
year={1999},
volume={},
number={},
pages={179-188},
keywords={program testing;test cases;test case prioritization;objective function;regression test;debuggers;fault detection;Computer aided software engineering;Fault detection;System testing;Software testing;Computer science;Job shop scheduling;Feedback;Software maintenance;Information science;Ear},
doi={10.1109/ICSM.1999.792604},
ISSN={1063-6773},
month={Aug},}
@article{Rothermel:1997:SER:248233.248262,
 author = {Rothermel, Gregg and Harrold, Mary Jean},
 title = {A Safe, Efficient Regression Test Selection Technique},
 journal = {ACM Trans. Softw. Eng. Methodol.},
 issue_date = {April 1997},
 volume = {6},
 number = {2},
 month = apr,
 year = {1997},
 issn = {1049-331X},
 pages = {173--210},
 numpages = {38},
 url = {http://doi.acm.org/10.1145/248233.248262},
 doi = {10.1145/248233.248262},
 acmid = {248262},
 publisher = {ACM},
 address = {New York, NY, USA},
 keywords = {regression test selection, regression testing, selective retest},
} 
@inproceedings{Harrold:2001:RTS:504282.504305,
 author = {Harrold, Mary Jean and Jones, James A. and Li, Tongyu and Liang, Donglin and Orso, Alessandro and Pennings, Maikel and Sinha, Saurabh and Spoon, S. Alexander and Gujarathi, Ashish},
 title = {Regression Test Selection for Java Software},
 booktitle = {Proceedings of the 16th ACM SIGPLAN Conference on Object-oriented Programming, Systems, Languages, and Applications},
 series = {OOPSLA '01},
 year = {2001},
 isbn = {1-58113-335-9},
 location = {Tampa Bay, FL, USA},
 pages = {312--326},
 numpages = {15},
 url = {http://doi.acm.org/10.1145/504282.504305},
 doi = {10.1145/504282.504305},
 acmid = {504305},
 publisher = {ACM},
 address = {New York, NY, USA},
} 
@inproceedings{Ryder:2001:CIA:379605.379661,
 author = {Ryder, Barbara G. and Tip, Frank},
 title = {Change Impact Analysis for Object-oriented Programs},
 booktitle = {Proceedings of the 2001 ACM SIGPLAN-SIGSOFT Workshop on Program Analysis for Software Tools and Engineering},
 series = {PASTE '01},
 year = {2001},
 isbn = {1-58113-413-4},
 location = {Snowbird, Utah, USA},
 pages = {46--53},
 numpages = {8},
 url = {http://doi.acm.org/10.1145/379605.379661},
 doi = {10.1145/379605.379661},
 acmid = {379661},
 publisher = {ACM},
 address = {New York, NY, USA},
} 
@INPROCEEDINGS{6104718,
author={Z. {Xiao-Bo} and J. {Ying} and W. {Hai-Tao}},
booktitle={2011 4th International Conference on Intelligent Networks and Intelligent Systems},
title={Method on Change Impact Analysis for Object-Oriented Program},
year={2011},
volume={},
number={},
pages={161-164},
keywords={C++ language;object-oriented programming;software maintenance;object-oriented program;software change impact analysis;software maintenance;program dependence graph;object-oriented source code;C++ program;Flow graphs;Software maintenance;IEEE Press;Prototypes;Software engineering;Algorithm design and analysis;change impact analysis;Object-Oriented program;program dependence graph;control flow graph},
doi={10.1109/ICINIS.2011.27},
ISSN={},
month={Nov},}

@inproceedings{Do:2016:RTS:2897073.2897127,
 author = {Do, Quan and Yang, Guowei and Che, Meiru and Hui, Darren and Ridgeway, Jefferson},
 title = {Regression Test Selection for Android Applications},
 booktitle = {Proceedings of the International Conference on Mobile Software Engineering and Systems},
 series = {MOBILESoft '16},
 year = {2016},
 isbn = {978-1-4503-4178-3},
 location = {Austin, Texas},
 pages = {27--28},
 numpages = {2},
 url = {http://doi.acm.org/10.1145/2897073.2897127},
 doi = {10.1145/2897073.2897127},
 acmid = {2897127},
 publisher = {ACM},
 address = {New York, NY, USA},
 keywords = {change impact analysis, control flow graph, coverage},
}

@inproceedings{Li2017,
  author    = {Xiao Li and
               Nana Chang and
               Yan Wang and
               Haohua Huang and
               Yu Pei and
               Linzhang Wang and
               Xuandong Li},
  title     = {{ATOM:} Automatic Maintenance of {GUI} Test Scripts for Evolving Mobile
               Applications},
  booktitle = {2017 {IEEE} International Conference on Software Testing, Verification
               and Validation, {ICST} 2017, Tokyo, Japan, March 13-17, 2017},
  pages     = {161--171},
  year      = {2017},
  timestamp = {Mon, 18 Sep 2017 12:23:04 +0200},
  biburl    = {http://dblp.org/rec/bib/conf/icst/LiCWH0WL17},
  bibsource = {dblp computer science bibliography, http://dblp.org}
}


@inproceedings{Do2016,
  author    = {Quan Chau Dong Do and
               Guowei Yang and
               Meiru Che and
               Darren Hui and
               Jefferson Ridgeway},
  title     = {Redroid: {A} Regression Test Selection Approach for Android Applications},
  booktitle = {The 28th International Conference on Software Engineering and Knowledge
               Engineering, {SEKE} 2016, Redwood City, San Francisco Bay, USA, July
               1-3, 2016.},
  pages     = {486--491},
  year      = {2016},
  timestamp = {Fri, 26 May 2017 00:49:52 +0200},
  biburl    = {http://dblp.org/rec/bib/conf/seke/DoYCHR16},
  bibsource = {dblp computer science bibliography, http://dblp.org}
}

@inproceedings{Aggarwal2015,
  author    = {Karan Aggarwal and
               Abram Hindle and
               Eleni Stroulia},
  title     = {GreenAdvisor: {A} tool for analyzing the impact of software evolution
               on energy consumption},
  booktitle = {2015 {IEEE} International Conference on Software Maintenance and Evolution,
               {ICSME} 2015, Bremen, Germany, September 29 - October 1, 2015},
  pages     = {311--320},
  year      = {2015},
  timestamp = {Mon, 22 May 2017 17:11:01 +0200},
  biburl    = {http://dblp.org/rec/bib/conf/icsm/AggarwalHS15},
  bibsource = {dblp computer science bibliography, http://dblp.org}
}

@inproceedings{li2018cid,
  title={Cid: Automating the detection of API-related compatibility issues in android apps},
  author={Li, Li and Bissyand{\'e}, Tegawend{\'e} F and Wang, Haoyu and Klein, Jacques},
  booktitle={Proceedings of the 27th ACM SIGSOFT International Symposium on Software Testing and Analysis},
  pages={153--163},
  year={2018}
}

@inproceedings{huang2018understanding,
  title={Understanding and detecting callback compatibility issues for android applications},
  author={Huang, Huaxun and Wei, Lili and Liu, Yepang and Cheung, Shing-Chi},
  booktitle={Proceedings of the 33rd ACM/IEEE International Conference on Automated Software Engineering},
  pages={532--542},
  year={2018}
}

@INPROCEEDINGS{ficfinder,
  author={L. {Wei} and Y. {Liu} and S. {Cheung}},
  booktitle={2016 31st IEEE/ACM International Conference on Automated Software Engineering (ASE)}, 
  title={Taming Android fragmentation: Characterizing and detecting compatibility issues for Android apps}, 
  year={2016},
  volume={},
  number={},
  pages={226-237},}

@INPROCEEDINGS{pivot,  author={L. {Wei} and Y. {Liu} and S. {Cheung}},  booktitle={2019 IEEE/ACM 41st International Conference on Software Engineering (ICSE)},   title={PIVOT: Learning API-Device Correlations to Facilitate Android Compatibility Issue Detection},   year={2019},  volume={},  number={},  pages={878-888},}

@inproceedings{linares2013api,
	title={API change and fault proneness: a threat to the success of Android apps},
	author={Linares-V{\'a}squez, Mario and Bavota, Gabriele and Bernal-C{\'a}rdenas, Carlos and Di Penta, Massimiliano and Oliveto, Rocco and Poshyvanyk, Denys},
	booktitle={Proceedings of the 2013 9th joint meeting on foundations of software engineering},
	pages={477--487},
	year={2013}
}

@inproceedings{mcdonnell2013empirical,
	title={An empirical study of API stability and adoption in the android ecosystem},
	author={McDonnell, Tyler and Ray, Baishakhi and Kim, Miryung},
	booktitle={2013 IEEE International Conference on Software Maintenance},
	pages={70--79},
	year={2013},
	organization={IEEE}
}

@inproceedings{li2018characterising,
	title={Characterising deprecated android APIs},
	author={Li, Li and Gao, Jun and Bissyand{\'e}, Tegawend{\'e} F and Ma, Lei and Xia, Xin and Klein, Jacques},
	booktitle={Proceedings of the 15th International Conference on Mining Software Repositories},
	pages={254--264},
	year={2018}
}

@inproceedings{mutchler2016target,
	title={Target fragmentation in Android apps},
	author={Mutchler, Patrick and Safaei, Yeganeh and Doup{\'e}, Adam and Mitchell, John},
	booktitle={2016 IEEE Security and Privacy Workshops (SPW)},
	pages={204--213},
	year={2016},
	organization={IEEE}
}

@article{hora2018developers,
	title={How do developers react to API evolution? A large-scale empirical study},
	author={Hora, Andr{\'e} and Robbes, Romain and Valente, Marco Tulio and Anquetil, Nicolas and Etien, Anne and Ducasse, St{\'e}phane},
	journal={Software Quality Journal},
	volume={26},
	number={1},
	pages={161--191},
	year={2018},
	publisher={Springer}
}

@inproceedings{fan2018large,
	title={Large-scale analysis of framework-specific exceptions in Android apps},
	author={Fan, Lingling and Su, Ting and Chen, Sen and Meng, Guozhu and Liu, Yang and Xu, Lihua and Pu, Geguang and Su, Zhendong},
	booktitle={2018 IEEE/ACM 40th International Conference on Software Engineering (ICSE)},
	pages={408--419},
	year={2018},
	organization={IEEE}
}

@inproceedings{linares2014api,
	title={How do API changes trigger stack overflow discussions? a study on the android sdk},
	author={Linares-V{\'a}squez, Mario and Bavota, Gabriele and Di Penta, Massimiliano and Oliveto, Rocco and Poshyvanyk, Denys},
	booktitle={proceedings of the 22nd International Conference on Program Comprehension},
	pages={83--94},
	year={2014}
}

@inproceedings{he2018understanding,
	title={Understanding and detecting evolution-induced compatibility issues in Android apps},
	author={He, Dongjie and Li, Lian and Wang, Lei and Zheng, Hengjie and Li, Guangwei and Xue, Jingling},
	booktitle={Proceedings of the 33rd ACM/IEEE International Conference on Automated Software Engineering},
	pages={167--177},
	year={2018}
}

@inproceedings{businge2012survival,
	title={Survival of Eclipse third-party plug-ins},
	author={Businge, John and Serebrenik, Alexander and van den Brand, Mark},
	booktitle={2012 28th IEEE International Conference on Software Maintenance (ICSM)},
	pages={368--377},
	year={2012},
	organization={IEEE}
}

@inproceedings{businge2013analyzing,
	title={Analyzing the Eclipse API usage: Putting the developer in the loop},
	author={Businge, John and Serebrenik, Alexander and van den Brand, Mark},
	booktitle={2013 17th European Conference on Software Maintenance and Reengineering},
	pages={37--46},
	year={2013},
	organization={IEEE}
}

@article{businge2015eclipse,
	title={Eclipse API usage: the good and the bad},
	author={Businge, John and Serebrenik, Alexander and Van Den Brand, Mark GJ},
	journal={Software Quality Journal},
	volume={23},
	number={1},
	pages={107--141},
	year={2015},
	publisher={Springer}
}

@inproceedings{lam2011soot,
	title={The Soot framework for Java program analysis: a retrospective},
	author={Lam, Patrick and Bodden, Eric and Lhot{\'a}k, Ondrej and Hendren, Laurie},
	booktitle={Cetus Users and Compiler Infastructure Workshop (CETUS 2011)},
	volume={15},
	pages={35},
	year={2011}
}

@INPROCEEDINGS{6079836,
	author={D. {Hou} and X. {Yao}},
	booktitle={2011 18th Working Conference on Reverse Engineering}, 
	title={Exploring the Intent behind API Evolution: A Case Study}, 
	year={2011},
	volume={},
	number={},
	pages={131-140},
	doi={10.1109/WCRE.2011.24}}

@inproceedings{10.1145/3368089.3409735,
	author = {Wang, Jiawei and Li, Li and Liu, Kui and Cai, Haipeng},
	title = {Exploring How Deprecated Python Library APIs Are (Not) Handled},
	year = {2020},
	isbn = {9781450370431},
	publisher = {Association for Computing Machinery},
	address = {New York, NY, USA},
	url = {https://doi.org/10.1145/3368089.3409735},
	doi = {10.1145/3368089.3409735},
	booktitle = {Proceedings of the 28th ACM Joint Meeting on European Software Engineering Conference and Symposium on the Foundations of Software Engineering},
	pages = {233–244},
	numpages = {12},
	keywords = {Evolution, Python library, Deprecated API, Deprecation},
	location = {Virtual Event, USA},
	series = {ESEC/FSE 2020}
}

@INPROCEEDINGS{acid,
	author={Mahmud, Tarek and Che, Meiru and Yang, Guowei},
	booktitle={2021 IEEE International Conference on Software Analysis, Evolution and Reengineering (SANER)}, 
	title={Android Compatibility Issue Detection Using API Differences}, 
	year={2021},
	volume={},
	number={},
	pages={480-490},
	doi={10.1109/SANER50967.2021.00051}
}

@inproceedings{xia2020android,
	title={How Android developers handle evolution-induced API compatibility issues: a large-scale study},
	author={Xia, Hao and Zhang, Yuan and Zhou, Yingtian and Chen, Xiaoting and Wang, Yang and Zhang, Xiangyu and Cui, Shuaishuai and Hong, Geng and Zhang, Xiaohan and Yang, Min and others},
	booktitle={2020 IEEE/ACM 42nd International Conference on Software Engineering (ICSE)},
	pages={886--898},
	year={2020},
	organization={IEEE}
}

@inproceedings{fazzini2019automated,
	title={Automated API-usage update for Android apps},
	author={Fazzini, Mattia and Xin, Qi and Orso, Alessandro},
	booktitle={Proceedings of the 28th ACM SIGSOFT International Symposium on Software Testing and Analysis},
	pages={204--215},
	year={2019}
}

@inproceedings{thung2019towards,
	title={Towards generating transformation rules without examples for Android API replacement},
	author={Thung, Ferdian and Kang, Hong Jin and Jiang, Lingxiao and Lo, David},
	booktitle={2019 IEEE International Conference on Software Maintenance and Evolution (ICSME)},
	pages={213--217},
	year={2019},
	organization={IEEE}
}

@inproceedings{thung2020automated,
	title={Automated Deprecated-API Usage Update for Android Apps: How Far Are We?},
	author={Thung, Ferdian and Haryono, Stefanus A and Serrano, Lucas and Muller, Gilles and Lawall, Julia and Lo, David and Jiang, Lingxiao},
	booktitle={2020 IEEE 27th International Conference on Software Analysis, Evolution and Reengineering (SANER)},
	pages={602--611},
	year={2020},
	organization={IEEE}
}

@inproceedings{haryono2020automatic,
	title={Automatic Android deprecated-API usage update by learning from single updated example},
	author={Haryono, Stefanus A and Thung, Ferdian and Kang, Hong Jin and Serrano, Lucas and Muller, Gilles and Lawall, Julia and Lo, David and Jiang, Lingxiao},
	booktitle={Proceedings of the 28th International Conference on Program Comprehension},
	pages={401--405},
	year={2020}
}

@inproceedings{haryono2021androevolve,
	title={AndroEvolve: Automated Update for Android Deprecated-API Usages},
	author={Haryono, Stefanus A and Thung, Ferdian and Lo, David and Jiang, Lingxiao and Lawall, Julia and Kang, Hong Jin and Serrano, Lucas and Muller, Gilles},
	booktitle={2021 IEEE/ACM 43rd International Conference on Software Engineering: Companion Proceedings (ICSE-Companion)},
	pages={1--4},
	year={2021},
	organization={IEEE}
}

@article{dagenais2011recommending,
	title={Recommending adaptive changes for framework evolution},
	author={Dagenais, Barth{\'e}l{\'e}my and Robillard, Martin P},
	journal={ACM Transactions on Software Engineering and Methodology (TOSEM)},
	volume={20},
	number={4},
	pages={1--35},
	year={2011},
	publisher={ACM New York, NY, USA}
}

@inproceedings{wu2010aura,
	title={Aura: a hybrid approach to identify framework evolution},
	author={Wu, Wei and Gu{\'e}h{\'e}neuc, Yann-Ga{\"e}l and Antoniol, Giuliano and Kim, Miryung},
	booktitle={Proceedings of the 32nd ACM/IEEE International Conference on Software Engineering-Volume 1},
	pages={325--334},
	year={2010}
}

@inproceedings{meng2012history,
	title={A history-based matching approach to identification of framework evolution},
	author={Meng, Sichen and Wang, Xiaoyin and Zhang, Lu and Mei, Hong},
	booktitle={2012 34th International Conference on Software Engineering (ICSE)},
	pages={353--363},
	year={2012},
	organization={IEEE}
}

@INPROCEEDINGS{li2016accessing,
	author={Li, Li and Bissyandé, Tegawendé F. and Le Traon, Yves and Klein, Jacques},
	booktitle={2016 IEEE International Conference on Software Maintenance and Evolution (ICSME)}, 
	title={Accessing Inaccessible Android APIs: An Empirical Study}, 
	year={2016},
	volume={},
	number={},
	pages={411-422},
	doi={10.1109/ICSME.2016.35}
}

@article{zhong2017empirical,
	title={An empirical study on API usages},
	author={Zhong, Hao and Mei, Hong},
	journal={IEEE Transactions on Software Engineering},
	volume={45},
	number={4},
	pages={319--334},
	year={2017},
	publisher={IEEE}
}

@inproceedings{scalabrino2019data,
	title={Data-driven solutions to detect API compatibility issues in android: an empirical study},
	author={Scalabrino, Simone and Bavota, Gabriele and Linares-V{\'a}squez, Mario and Lanza, Michele and Oliveto, Rocco},
	booktitle={2019 IEEE/ACM 16th International Conference on Mining Software Repositories (MSR)},
	pages={288--298},
	year={2019},
	organization={IEEE}
}

@article{scalabrino2020api,
	title={API compatibility issues in Android: Causes and effectiveness of data-driven detection techniques},
	author={Scalabrino, Simone and Bavota, Gabriele and Linares-V{\'a}squez, Mario and Piantadosi, Valentina and Lanza, Michele and Oliveto, Rocco},
	journal={Empirical Software Engineering},
	volume={25},
	number={6},
	pages={5006--5046},
	year={2020},
	publisher={Springer}
}

@inproceedings{liu2021identifying,
	title={Identifying and characterizing silently-evolved methods in the android API},
	author={Liu, Pei and Li, Li and Yan, Yichun and Fazzini, Mattia and Grundy, John},
	booktitle={2021 IEEE/ACM 43rd International Conference on Software Engineering: Software Engineering in Practice (ICSE-SEIP)},
	pages={308--317},
	year={2021},
	organization={IEEE}
}

@inproceedings{apicia,
	author={Mahmud, Tarek and Khan, Mujahid and Rouijel, Jihan and Che, Meiru and Yang, Guowei},
	booktitle={2021 IEEE 45th Annual Computers, Software, and Applications Conference (COMPSAC)}, 
	title={API Change Impact Analysis for Android Apps}, 
	year={2021},
	volume={},
	number={},
	pages={894-903},
	doi={10.1109/COMPSAC51774.2021.00122}}

@inproceedings{mahmud2022acid,
	title={ACID: An API Compatibility Issue Detector for Android Apps},
	author={Mahmud, Tarek and Che, Meiru and Yang, Guowei},
	booktitle={2022 IEEE/ACM 44th International Conference on Software Engineering: Companion Proceedings (ICSE-Companion)},
	pages={1--5},
	year={2022},
	organization={IEEE}
}

@article{lamothe2021systematic,
	title={A systematic review of API evolution literature},
	author={Lamothe, Maxime and Gu{\'e}h{\'e}neuc, Yann-Ga{\"e}l and Shang, Weiyi},
	journal={ACM Computing Surveys (CSUR)},
	volume={54},
	number={8},
	pages={1--36},
	year={2021},
	publisher={ACM New York, NY}
}

@inproceedings{mahmud2022field,
	title={Android API Field Evolution and Its Induced Compatibility Issues},
	author={Mahmud, Tarek and Che, Meiru and Yang, Guowei},
	booktitle={Proceedings of the 16th ACM/IEEE International Symposium on Empirical Software Engineering and Measurement},
	pages={34--44},
	year={2022}
}

@article{BRITO2018306,
	title = {On the use of replacement messages in API deprecation: An empirical study},
	journal = {Journal of Systems and Software},
	volume = {137},
	pages = {306-321},
	year = {2018},
	issn = {0164-1212},
	doi = {https://doi.org/10.1016/j.jss.2017.12.007},
	url = {https://www.sciencedirect.com/science/article/pii/S016412121730300X},
	author = {Gleison Brito and Andre Hora and Marco Tulio Valente and Romain Robbes},
	keywords = {API deprecation, Software evolution, Mining software repositories, Empirical software engineering},
}

@INPROCEEDINGS{7476657,
  author={Brito, Gleison and Hora, Andre and Valente, Marco Tulio and Robbes, Romain},
  booktitle={2016 IEEE 23rd International Conference on Software Analysis, Evolution, and Reengineering (SANER)}, 
  title={Do Developers Deprecate APIs with Replacement Messages? A Large-Scale Analysis on Java Systems}, 
  year={2016},
  volume={1},
  number={},
  pages={360-369},
  doi={10.1109/SANER.2016.99}}

@inproceedings{10.1145/2950290.2950298,
author = {Zhou, Jing and Walker, Robert J.},
title = {API Deprecation: A Retrospective Analysis and Detection Method for Code Examples on the Web},
year = {2016},
isbn = {9781450342186},
publisher = {Association for Computing Machinery},
address = {New York, NY, USA},
booktitle = {Proceedings of the 2016 24th ACM SIGSOFT International Symposium on Foundations of Software Engineering},
pages = {266–277},
numpages = {12},
location = {Seattle, WA, USA},
series = {FSE 2016}
}

@INPROCEEDINGS{1510134,
  author={Dig, D. and Johnson, R.},
  booktitle={21st IEEE International Conference on Software Maintenance (ICSM'05)}, 
  title={The role of refactorings in API evolution}, 
  year={2005},
  volume={},
  number={},
  pages={389-398},
  doi={10.1109/ICSM.2005.90}
}

@article{10.5555/1133105.1133107,
author = {Dig, Danny and Johnson, Ralph},
title = {How Do APIs Evolve? A Story of Refactoring: Research Articles},
year = {2006},
issue_date = {March 2006},
publisher = {John Wiley & Sons, Inc.},
address = {USA},
volume = {18},
number = {2},
issn = {1532-060X},
journal = {J. Softw. Maint. Evol.},
month = {mar},
pages = {83–107},
numpages = {25},
keywords = {refactoring, libraries, component reuse, frameworks, backwards compatibility, API evolution}
}

@article{10.1145/1932682.1869518,
author = {Kapur, Puneet and Cossette, Brad and Walker, Robert J.},
title = {Refactoring References for Library Migration},
year = {2010},
issue_date = {October 2010},
publisher = {Association for Computing Machinery},
address = {New York, NY, USA},
volume = {45},
number = {10},
issn = {0362-1340},
journal = {SIGPLAN Not.},
month = {oct},
pages = {726–738},
numpages = {13}
}

@INPROCEEDINGS{8453124,
  author={Sawant, Anand Ashok and Aniche, Mauricio and van Deursen, Arie and Bacchelli, Alberto},
  booktitle={2018 IEEE/ACM 40th International Conference on Software Engineering (ICSE)}, 
  title={Understanding Developers' Needs on Deprecation as a Language Feature}, 
  year={2018},
  volume={},
  number={},
  pages={561-571},
  doi={10.1145/3180155.3180170}
}

@INPROCEEDINGS{8529833,
  author={Sawant, Anand Ashok and Huang, Guangzhe and Vilen, Gabriel and Stojkovski, Stefan and Bacchelli, Alberto},
  booktitle={2018 IEEE International Conference on Software Maintenance and Evolution (ICSME)}, 
  title={Why are Features Deprecated? An Investigation Into the Motivation Behind Deprecation}, 
  year={2018},
  volume={},
  number={},
  pages={13-24},
  doi={10.1109/ICSME.2018.00011}
}

@INPROCEEDINGS{6975655,
  author={Raemaekers, Steven and van Deursen, Arie and Visser, Joost},
  booktitle={2014 IEEE 14th International Working Conference on Source Code Analysis and Manipulation}, 
  title={Semantic Versioning versus Breaking Changes: A Study of the Maven Repository}, 
  year={2014},
  volume={},
  number={},
  pages={215-224},
  doi={10.1109/SCAM.2014.30}
}

@INPROCEEDINGS{7091210,
  author={Ko, Deokyoon and Ma, Kyeongwook and Park, Sooyong and Kim, Suntae and Kim, Dongsun and Traon, Yves Le},
  booktitle={21st Asia-Pacific Software Engineering Conference}, 
  title={API Document Quality for Resolving Deprecated APIs}, 
  year={2014},
  volume={2},
  number={},
  pages={27-30},
  doi={10.1109/APSEC.2014.87}
}

@inproceedings{10.1145/3361242.3361246,
author = {Xi, Yaoguo and Shen, Liwei and Gui, Yukun and Zhao, Wenyun},
title = {Migrating Deprecated API to Documented Replacement: Patterns and Tool},
year = {2019},
isbn = {9781450377010},
publisher = {Association for Computing Machinery},
address = {New York, NY, USA},
articleno = {15},
numpages = {10},
keywords = {API Migration, Deprecated API, Migration Pattern},
booktitle = {11th Asia-Pacific Symposium on Internetware},
location = {Fukuoka, Japan},
series = {Internetware '19}
}

@INPROCEEDINGS{9609153,
  author={Haryono, Stefanus A. and Thung, Ferdian and Lo, David and Lawall, Julia and Jiang, Lingxiao},
  booktitle={2021 IEEE International Conference on Software Maintenance and Evolution (ICSME)}, 
  title={MLCatchUp: Automated Update of Deprecated Machine-Learning APIs in Python}, 
  year={2021},
  volume={},
  number={},
  pages={584-588},
  doi={10.1109/ICSME52107.2021.00061}
}

@article{apicia-jss,
    title = {Analyzing the impact of API changes on Android apps},
    journal = {Journal of Systems and Software},
    volume = {200},
    pages = {111664},
    year = {2023},
    issn = {0164-1212},
    author = {Tarek Mahmud and Meiru Che and Guowei Yang},
}

@inproceedings{zhao2022towards,
  title={Towards automatically repairing compatibility issues in published android apps},
  author={Zhao, Yanjie and Li, Li and Liu, Kui and Grundy, John},
  booktitle={Proceedings of the 44th International Conference on Software Engineering},
  pages={2142--2153},
  year={2022}
}

@article{deng2022fuzzing,
  title={Fuzzing deep-learning libraries via large language models},
  author={Deng, Yinlin and Xia, Chunqiu Steven and Peng, Haoran and Yang, Chenyuan and Zhang, Lingming},
  journal={arXiv preprint arXiv:2212.14834},
  year={2022}
}

@inproceedings{huang2022prompt,
  title={Prompt-tuned code language model as a neural knowledge base for type inference in statically-typed partial code},
  author={Huang, Qing and Yuan, Zhiqiang and Xing, Zhenchang and Xu, Xiwei and Zhu, Liming and Lu, Qinghua},
  booktitle={Proceedings of the 37th IEEE/ACM International Conference on Automated Software Engineering},
  pages={1--13},
  year={2022}
}

@inproceedings{jain2022jigsaw,
  title={Jigsaw: Large language models meet program synthesis},
  author={Jain, Naman and Vaidyanath, Skanda and Iyer, Arun and Natarajan, Nagarajan and Parthasarathy, Suresh and Rajamani, Sriram and Sharma, Rahul},
  booktitle={Proceedings of the 44th International Conference on Software Engineering},
  pages={1219--1231},
  year={2022}
}

@article{li2022competition,
  title={Competition-level code generation with alphacode},
  author={Li, Yujia and Choi, David and Chung, Junyoung and Kushman, Nate and Schrittwieser, Julian and Leblond, R{\'e}mi and Eccles, Tom and Keeling, James and Gimeno, Felix and Dal Lago, Agustin and others},
  journal={Science},
  volume={378},
  number={6624},
  pages={1092--1097},
  year={2022},
  publisher={American Association for the Advancement of Science}
}

@inproceedings{xu2022systematic,
  title={A systematic evaluation of large language models of code},
  author={Xu, Frank F and Alon, Uri and Neubig, Graham and Hellendoorn, Vincent Josua},
  booktitle={Proceedings of the 6th ACM SIGPLAN International Symposium on Machine Programming},
  pages={1--10},
  year={2022}
}

@inproceedings{imai2022github,
  title={Is github copilot a substitute for human pair-programming? an empirical study},
  author={Imai, Saki},
  booktitle={Proceedings of the ACM/IEEE 44th International Conference on Software Engineering: Companion Proceedings},
  pages={319--321},
  year={2022}
}

@inproceedings{liu2023fill,
  title={Fill in the blank: Context-aware automated text input generation for mobile gui testing},
  author={Liu, Zhe and Chen, Chunyang and Wang, Junjie and Che, Xing and Huang, Yuekai and Hu, Jun and Wang, Qing},
  booktitle={2023 IEEE/ACM 45th International Conference on Software Engineering (ICSE)},
  pages={1355--1367},
  year={2023},
  organization={IEEE}
}

@article{dakhel2023github,
  title={Github copilot ai pair programmer: Asset or liability?},
  author={Dakhel, Arghavan Moradi and Majdinasab, Vahid and Nikanjam, Amin and Khomh, Foutse and Desmarais, Michel C and Jiang, Zhen Ming Jack},
  journal={Journal of Systems and Software},
  volume={203},
  pages={111734},
  year={2023},
  publisher={Elsevier}
}

@inproceedings{ziegler2022productivity,
  title={Productivity assessment of neural code completion},
  author={Ziegler, Albert and Kalliamvakou, Eirini and Li, X Alice and Rice, Andrew and Rifkin, Devon and Simister, Shawn and Sittampalam, Ganesh and Aftandilian, Edward},
  booktitle={Proceedings of the 6th ACM SIGPLAN International Symposium on Machine Programming},
  pages={21--29},
  year={2022}
}

@inproceedings{pearce2023examining,
  title={Examining zero-shot vulnerability repair with large language models},
  author={Pearce, Hammond and Tan, Benjamin and Ahmad, Baleegh and Karri, Ramesh and Dolan-Gavitt, Brendan},
  booktitle={2023 IEEE Symposium on Security and Privacy (SP)},
  pages={2339--2356},
  year={2023},
  organization={IEEE}
}

@article{tian2023best,
  title={The Best of Both Worlds: Combining Learned Embeddings with Engineered Features for Accurate Prediction of Correct Patches},
  author={Tian, Haoye and Liu, Kui and Li, Yinghua and Kabor{\'e}, Abdoul Kader and Koyuncu, Anil and Habib, Andrew and Li, Li and Wen, Junhao and Klein, Jacques and Bissyand{\'e}, Tegawend{\'e} F},
  journal={ACM Transactions on Software Engineering and Methodology},
  volume={32},
  number={4},
  pages={1--34},
  year={2023},
  publisher={ACM New York, NY, USA}
}

@article{devlin2018bert,
  title={Bert: Pre-training of deep bidirectional transformers for language understanding},
  author={Devlin, Jacob and Chang, Ming-Wei and Lee, Kenton and Toutanova, Kristina},
  journal={arXiv preprint arXiv:1810.04805},
  year={2018}
}

@article{xia2023keep,
  title={Keep the Conversation Going: Fixing 162 out of 337 bugs for \$0.42 each using ChatGPT},
  author={Xia, Chunqiu Steven and Zhang, Lingming},
  journal={arXiv preprint arXiv:2304.00385},
  year={2023}
}

@article{paul2023automated,
  title={Automated Program Repair Based on Code Review: How do Pre-trained Transformer Models Perform?},
  author={Paul, Rishov and Hossain, Md Mohib and Hasan, Masum and Iqbal, Anindya},
  journal={arXiv preprint arXiv:2304.07840},
  year={2023}
}

@article{le2023invalidator,
  title={Invalidator: Automated patch correctness assessment via semantic and syntactic reasoning},
  author={Le-Cong, Thanh and Luong, Duc-Minh and Le, Xuan Bach D and Lo, David and Tran, Nhat-Hoa and Quang-Huy, Bui and Huynh, Quyet-Thang},
  journal={IEEE Transactions on Software Engineering},
  year={2023},
  publisher={IEEE}
}

@article{brown2020language,
  title={Language models are few-shot learners},
  author={Brown, Tom and Mann, Benjamin and Ryder, Nick and Subbiah, Melanie and Kaplan, Jared D and Dhariwal, Prafulla and Neelakantan, Arvind and Shyam, Pranav and Sastry, Girish and Askell, Amanda and others},
  journal={Advances in neural information processing systems},
  volume={33},
  pages={1877--1901},
  year={2020}
}

@article{feng2020codebert,
  title={Codebert: A pre-trained model for programming and natural languages},
  author={Feng, Zhangyin and Guo, Daya and Tang, Duyu and Duan, Nan and Feng, Xiaocheng and Gong, Ming and Shou, Linjun and Qin, Bing and Liu, Ting and Jiang, Daxin and others},
  journal={arXiv preprint arXiv:2002.08155},
  year={2020}
}

@article{lamothe2020a3,
  title={A3: Assisting android api migrations using code examples},
  author={Lamothe, Maxime and Shang, Weiyi and Chen, Tse-Hsun Peter},
  journal={IEEE Transactions on Software Engineering},
  volume={48},
  number={2},
  pages={417--431},
  year={2020},
  publisher={IEEE}
}

@article{singh2021nlp,
  title={The NLP cookbook: modern recipes for transformer based deep learning architectures},
  author={Singh, Sushant and Mahmood, Ausif},
  journal={IEEE Access},
  volume={9},
  pages={68675--68702},
  year={2021},
  publisher={IEEE}
}

@article{liu2023your,
  title={Is your code generated by chatgpt really correct? rigorous evaluation of large language models for code generation},
  author={Liu, Jiawei and Xia, Chunqiu Steven and Wang, Yuyao and Zhang, Lingming},
  journal={arXiv preprint arXiv:2305.01210},
  year={2023}
}

@inproceedings{xia2023automated,
  title={Automated program repair in the era of large pre-trained language models},
  author={Xia, Chunqiu Steven and Wei, Yuxiang and Zhang, Lingming},
  booktitle={Proceedings of the 45th International Conference on Software Engineering (ICSE 2023). Association for Computing Machinery},
  year={2023}
}

@inproceedings{asyrofi2020ausearch,
  title={AUSearch: Accurate API usage search in GitHub repositories with type resolution},
  author={Asyrofi, Muhammad Hilmi and Thung, Ferdian and Lo, David and Jiang, Lingxiao},
  booktitle={2020 IEEE 27th International Conference on Software Analysis, Evolution and Reengineering (SANER)},
  pages={637--641},
  year={2020},
  organization={IEEE}
}

@inproceedings{sun2022mining,
  title={Mining android api usage to generate unit test cases for pinpointing compatibility issues},
  author={Sun, Xiaoyu and Chen, Xiao and Zhao, Yanjie and Liu, Pei and Grundy, John and Li, Li},
  booktitle={Proceedings of the 37th IEEE/ACM International Conference on Automated Software Engineering},
  pages={1--13},
  year={2022}
}

@misc{maven,
    title = "Maven Repository",
    howpublished =  "https://mvnrepository.com/"
}

@misc{Appbrain,
    title = "Appbrain",
    howpublished =  "https://www.appbrain.com/stats/libraries"
}

@misc{analytics,
    title = "Exodus privacy",
    howpublished =  "https://reports.exodusprivacy.eu.org/en/trackers/stats/"
}

@misc{fewshot,
    title = {Few-Shot Prompting},
    howpublished =  {https://www.promptingguide.ai/techniques/fewshot}
}

@misc{wikitude,
    title = {Wikitude: Accelerating the future of AR},
    howpublished =  {https://www.wikitude.com/}
}


@misc{aws-device-farm,
    title = {Amazon Device Farm},
    howpublished = {https://aws.amazon.com/device-farm/} 
}

@INPROCEEDINGS{7965410,
  author={Wang, Haoyu and Guo, Yao},
  booktitle={2017 IEEE/ACM 39th International Conference on Software Engineering Companion (ICSE-C)}, 
  title={Understanding Third-Party Libraries in Mobile App Analysis}, 
  year={2017},
  pages={515-516}
}

@inproceedings{cai2019large,
  title={A large-scale study of application incompatibilities in android},
  author={Cai, Haipeng and Zhang, Ziyi and Li, Li and Fu, Xiaoqin},
  booktitle={Proceedings of the 28th ACM SIGSOFT International Symposium on Software Testing and Analysis},
  pages={216--227},
  year={2019}
}

@ARTICLE{9542854,
  author={Zhan, Xian and Liu, Tianming and Fan, Lingling and Li, Li and Chen, Sen and Luo, Xiapu and Liu, Yang},
  journal={IEEE Transactions on Software Engineering}, 
  title={Research on Third-Party Libraries in Android Apps: A Taxonomy and Systematic Literature Review}, 
  year={2022},
  volume={48},
  number={10},
  pages={4181-4213}
}

@article{andromovel,
author = {Liu, Pei and Zhao, Yanjie and Fazzini, Mattia and Cai, Haipeng and Grundy, John and Li, Li},
title = {Automatically Detecting Incompatible Android APIs},
year = {2023},
issue_date = {January 2024},
publisher = {Association for Computing Machinery},
address = {New York, NY, USA},
volume = {33},
number = {1},
issn = {1049-331X},
journal = {ACM Trans. Softw. Eng. Methodol.},
month = {nov},
articleno = {15},
numpages = {33},
}

@ARTICLE{Zhan2022SLR,
  author={Zhan, Xian and Liu, Tianming and Fan, Lingling and Li, Li and Chen, Sen and Luo, Xiapu and Liu, Yang},
  journal={IEEE Transactions on Software Engineering}, 
  title={Research on Third-Party Libraries in Android Apps: A Taxonomy and Systematic Literature Review}, 
  year={2022},
  volume={48},
  number={10},
  pages={4181-4213},
}

@article{liu2024llm,
  title={LLM-CompDroid: Repairing Configuration Compatibility Bugs in Android Apps with Pre-trained Large Language Models},
  author={Liu, Zhijie and Tang, Yutian and Li, Meiyun and Jin, Xin and Long, Yunfei and Zhang, Liang Feng and Luo, Xiapu},
  journal={arXiv preprint arXiv:2402.15078},
  year={2024}
}

@article{wen2023droidbot,
  title={Droidbot-gpt: Gpt-powered ui automation for android},
  author={Wen, Hao and Wang, Hongming and Liu, Jiaxuan and Li, Yuanchun},
  journal={arXiv preprint arXiv:2304.07061},
  year={2023}
}

@inproceedings{deng2023large,
  title={Large language models are zero-shot fuzzers: Fuzzing deep-learning libraries via large language models},
  author={Deng, Yinlin and Xia, Chunqiu Steven and Peng, Haoran and Yang, Chenyuan and Zhang, Lingming},
  booktitle={Proceedings of the 32nd ACM SIGSOFT international symposium on software testing and analysis},
  pages={423--435},
  year={2023}
}

@article{xia2024fuzz4all,
  title={Fuzz4all: Universal fuzzing with large language models},
  author={Xia, Chunqiu Steven and Paltenghi, Matteo and Le Tian, Jia and Pradel, Michael and Zhang, Lingming},
  journal={Proc. IEEE/ACM ICSE},
  year={2024}
}

@inproceedings{feng2024prompting,
  title={Prompting Is All You Need: Automated Android Bug Replay with Large Language Models},
  author={Feng, Sidong and Chen, Chunyang},
  booktitle={Proceedings of the 46th IEEE/ACM International Conference on Software Engineering},
  pages={1--13},
  year={2024}
}

@inproceedings{derr2017keep,
  title={Keep me updated: An empirical study of third-party library updatability on android},
  author={Derr, Erik and Bugiel, Sven and Fahl, Sascha and Acar, Yasemin and Backes, Michael},
  booktitle={Proceedings of the 2017 ACM SIGSAC Conference on Computer and Communications Security},
  pages={2187--2200},
  year={2017}
}

@inproceedings{yan2018land,
  title={Land: A user-friendly and customizable test generation tool for android apps},
  author={Yan, Jiwei and Pan, Linjie and Li, Yaqi and Yan, Jun and Zhang, Jian},
  booktitle={Proceedings of the 27th ACM SIGSOFT International Symposium on Software Testing and Analysis},
  pages={360--363},
  year={2018}
}

@inproceedings{borges2018droidmate,
  title={Droidmate-2: a platform for android test generation},
  author={Borges Jr, Nataniel P and Hotzkow, Jenny and Zeller, Andreas},
  booktitle={Proceedings of the 33rd ACM/IEEE International Conference on Automated Software Engineering},
  pages={916--919},
  year={2018}
}

@inproceedings{wang2018empirical,
  title={An empirical study of android test generation tools in industrial cases},
  author={Wang, Wenyu and Li, Dengfeng and Yang, Wei and Cao, Yurui and Zhang, Zhenwen and Deng, Yuetang and Xie, Tao},
  booktitle={Proceedings of the 33rd ACM/IEEE International Conference on Automated Software Engineering},
  pages={738--748},
  year={2018}
}

@article{MAHMUD2024107530,
title = {An empirical study on compatibility issues in Android API field evolution},
journal = {Information and Software Technology},
volume = {175},
pages = {107530},
year = {2024},
issn = {0950-5849},
doi = {https://doi.org/10.1016/j.infsof.2024.107530},
url = {https://www.sciencedirect.com/science/article/pii/S0950584924001356},
author = {Tarek Mahmud and Meiru Che and Guowei Yang},
}

@ARTICLE{mahmud2023acid,
  author={Mahmud, Tarek and Che, Meiru and Yang, Guowei},
  journal={IEEE Transactions on Software Engineering}, 
  title={Detecting Android API Compatibility Issues With API Differences}, 
  year={2023},
  volume={49},
  number={7},
  pages={3857-3871},
  keywords={Operating systems;Internet;Static analysis;Codes;Source coding;Software;Feature extraction;API differences;API evolution;android;compatibility issues;program analysis;test selection},
  doi={10.1109/TSE.2023.3274153}}

@article{mienye2022survey,
  title={A survey of ensemble learning: Concepts, algorithms, applications, and prospects},
  author={Mienye, Ibomoiye Domor and Sun, Yanxia},
  journal={Ieee Access},
  volume={10},
  pages={99129--99149},
  year={2022},
  publisher={IEEE}
}

@article{chen2021evaluating,
  title={Evaluating Large Language Models Trained on Code},
  author={Chen, Mark and Tworek, Jerry and Jun, Heewoo and Yuan, Qiming and Ponde, Henrique and Kaplan, Jared and Edwards, Harri and Burda, Yuri and Joseph, Nicholas and Brockman, Greg and others},
  journal={arXiv preprint arXiv:2107.03374},
  year={2021}
}

@article{bubeck2023sparks,
  title={Sparks of Artificial General Intelligence: Early Experiments with GPT-4},
  author={Bubeck, Sébastien and Chandrasekaran, Varun and Eldan, Ron and Gehrke, Johannes and Horvitz, Eric and Kamar, Ece and Lee, Peter and Levy, Or and Li, Yin Tat and Lundberg, Scott and others},
  journal={arXiv preprint arXiv:2303.12712},
  year={2023}
}

@article{ziemniak2023codellama,
  title={CodeLlama: Open Foundation Models for Code},
  author={Ziemniak, Mateusz and Meyer, Johannes and Bajona, Victor and Glaese, Asya and Belrose, Guillaume and Borgeaud, Sebastian and Daswani, Mayur and Demontis, Luca and Gabrié, Marylou and Hill, Felix and others},
  journal={arXiv preprint arXiv:2308.12950},
  year={2023}
}

@article{pearce2022asleep,
  title={Asleep at the Keyboard? Assessing the Security of GitHub Copilot’s Code Contributions},
  author={Pearce, Henry and Ahmad, Benjamin and Tobin, Ben and Shadbolt, Nigel and Livshits, Benjamin},
  journal={arXiv preprint arXiv:2108.09293},
  year={2022}
}

@article{mueller2023automated,
  title={Automated Test Generation Using Large Language Models: How Far Are We?},
  author={Mueller, Tobias and Wang, Donggyu and Pradel, Michael},
  journal={arXiv preprint arXiv:2304.08955},
  year={2023}
}

@article{rahul2023llm,
  title={LLMs for Software Engineering: A Survey of Capabilities and Challenges},
  author={Rahul, Kumar and Vasilescu, Bogdan and Pradel, Michael},
  journal={arXiv preprint arXiv:2306.08950},
  year={2023}
}

@article{zhang2023ensemble,
  title={Ensemble Learning for Code Generation: A Multi-Model Approach to Improve LLM Performance},
  author={Zhang, Wei and Wang, Dong and Liu, Xiang},
  journal={IEEE Transactions on Software Engineering},
  year={2023}
}

@article{zhao2022large,
  title={Large Language Models in Software Engineering: Capabilities, Challenges, and Future Directions},
  author={Zhao, Ying and Gupta, Akash and Li, Zhiqiang and others},
  journal={arXiv preprint arXiv:2210.07343},
  year={2022}
}

@article{wang2023code,
  title={Code Search and Summarization with Multi-Model Ensembles},
  author={Wang, Lin and Zeng, Fei and Xu, Jian},
  journal={Proceedings of ICSE},
  year={2023}
}

@inproceedings{codebleu,
  title={CodeBLEU: a method for automatic evaluation of code synthesis},
  author={Ren, Shiqi and Tu, Zhiyang and Cai, Deng and Zhang, Jun and Chen, Yanzhi},
  booktitle={Proceedings of the 28th International Conference on Computational Linguistics (COLING)},
  pages={3981--3992},
  year={2020}
}

@misc{crosshair,
  title = {CrossHair: Symbolic Execution for Python},
  year = {2020},
  howpublished = {https://github.com/pschanely/CrossHair}
}

@article{humaneval,
  title={Evaluating Large Language Models Trained on Code},
  author={Chen, Mark and Tworek, Jerry and Jun, Heewoo and Yuan, Qiming and Ponde, Henrique and Kaplan, Jared and Edwards, Harri and Burda, Yuri and Joseph, Nicholas and Brockman, Greg and others},
  journal={arXiv preprint arXiv:2107.03374},
  year={2021}
}

@article{livecodebench,
  title={LiveCodeBench: Benchmarking Large Language Models for Code in the Wild},
  author={Xu, Frank F and Shin, Joon Sung and Poesia, Gabriel and Luan, Yao and Yin, Pengcheng and Lin, Xi Victoria and Chiu, Yi-Ting and Lundberg, Scott and Hajishirzi, Hannaneh and Guo, Mike and others},
  journal={arXiv preprint arXiv:2308.11233},
  year={2023}
}

@article{wang2021codet5,
  title={CodeT5: Identifier-aware Unified Pre-trained Encoder-Decoder Models for Code Understanding and Generation},
  author={Wang, Yue and Li, Weishi and Wu, Shao Kun and Zhou, Michael and Li, Shuai and Xie, Pengyu and Shi, Baishan and Yu, Hong and others},
  journal={Proceedings of the 2021 Conference on Empirical Methods in Natural Language Processing (EMNLP)},
  pages={8696--8708},
  year={2021}
}

@article{devlin2019bert,
  title={BERT: Pre-training of Deep Bidirectional Transformers for Language Understanding},
  author={Devlin, Jacob and Chang, Ming-Wei and Lee, Kenton and Toutanova, Kristina},
  journal={Proceedings of NAACL-HLT},
  pages={4171--4186},
  year={2019}
}

@article{raffel2020exploring,
  title={Exploring the Limits of Transfer Learning with a Unified Text-to-Text Transformer},
  author={Raffel, Colin and Shazeer, Noam and Roberts, Adam and Lee, Katherine and Narang, Sharan and Matena, Michael and Zhou, Yanqi and Li, Wei and Liu, Peter J},
  journal={Journal of Machine Learning Research},
  volume={21},
  pages={1--67},
  year={2020}
}

@INPROCEEDINGS{hydiff,
  author={Noller, Yannic and Păsăreanu, Corina S. and Böhme, Marcel and Sun, Youcheng and Nguyen, Hoang Lam and Grunske, Lars},
  booktitle={2020 IEEE/ACM 42nd International Conference on Software Engineering (ICSE)}, 
  title={HyDiff: Hybrid Differential Software Analysis}, 
  year={2020},
  volume={},
  number={},
  pages={1273-1285},
  doi={}
}

@inproceedings{lahiri2010differential,
  title={Differential static analysis: opportunities, applications, and challenges},
  author={Lahiri, Shuvendu K and Vaswani, Kapil and Hoare, C AR},
  booktitle={Proceedings of the FSE/SDP workshop on Future of software engineering research},
  pages={201--204},
  year={2010}
}

@article{jordan1994hierarchical,
  author = {Jordan, Michael I. and Jacobs, Robert A.},
  title = {Hierarchical Mixtures of Experts and the EM Algorithm},
  journal = {Neural Computation},
  volume = {6},
  number = {2},
  pages = {181--214},
  year = {1994},
  publisher = {MIT Press},
  doi = {10.1162/neco.1994.6.2.181},
  url = {https://direct.mit.edu/neco/article/6/2/181/6095/Hierarchical-Mixtures-of-Experts-and-the-EM}
}

@article{fedus2021switch,
  author = {Fedus, William and Zoph, Barret and Shazeer, Noam},
  title = {Switch Transformers: Scaling to Trillion Parameter Models with Simple and Efficient Sparsity},
  journal = {arXiv preprint arXiv:2101.03961},
  year = {2021},
  doi = {10.48550/arXiv.2101.03961},
  url = {https://arxiv.org/abs/2101.03961}
}

@article{bagging,
  title={Bagging predictors},
  author={Breiman, Leo},
  journal={Machine learning},
  volume={24},
  number={2},
  pages={123--140},
  year={1996},
  publisher={Springer}
}

@article{boosting,
  title={A decision-theoretic generalization of on-line learning and an application to boosting},
  author={Freund, Yoav and Schapire, Robert E},
  journal={Journal of Computer and System Sciences},
  volume={55},
  number={1},
  pages={119--139},
  year={1997},
  publisher={Elsevier}
}

@inproceedings{stacking,
  title={Stacked generalization},
  author={Wolpert, David H},
  booktitle={Neural networks},
  volume={5},
  number={2},
  pages={241--259},
  year={1992},
  publisher={Elsevier}
}

@inproceedings{kittler1998combining,
  title={On combining classifiers},
  author={Kittler, Josef and Hatef, Mohamad and Duin, Robert P W and Matas, Jiri},
  booktitle={IEEE Transactions on Pattern Analysis and Machine Intelligence},
  volume={20},
  number={3},
  pages={226--239},
  year={1998},
  publisher={IEEE}
}








